2636 3860
178 363 233 422 Lll
505 375 549 418 ns
571 377 599 440 p.
628 375 745 420 coarto
769 377 854 420 ruso

180 519 351 599 Codicibus
367 519 439 582 ineo
454 517 659 581 emaculando
675 517 724 578 usi
739 527 822 604 sunt,
843 515 885 579 ita
904 529 1020 596 tamen,
1040 531 1077 582 ut
1097 523 1174 583 scri·

179 625 290 686 barum
311 620 507 704 potissimum
532 630 565 681 et
585 619 858 701 typographorum
887 618 1105 691 creberrimos
1125 645 1174 686 er·

178 747 271 790 rores
299 724 504 786 emendarent
530 733 563 783 et
586 720 776 784 coniecturis
798 721 1011 804 indulgerent.
1052 727 1085 786 ln
1109 749 1175 810 quo

104 845 108 852 ·
178 848 297 917 genere
318 828 404 890 nulls
424 846 484 928 nec
503 824 600 886 laude
625 843 685 888 noo
707 824 957 906 reprehensione
986 829 1098 913 dignus
1126 843 1175 893 est
1215 862 1221 874 ·

177 931 423 994 Bartholomaeus
443 927 579 992 Merulu;
602 927 701 1010 magis
723 927 897 990 laudandus
915 932 1091 991 Franciscus
1101 933 1175 992 Asu-

176 1035 276 1110 lonus,
300 1033 374 1119 qui,
398 1051 469 1092 cum
496 1028 642 1120 Aldinam
664 1041 809 1108 curaret,
837 1052 901 1095 non
919 1031 1049 1094 mendas
1070 1032 1174 1094 solum

175 1135 339 1218 graviores
362 1133 498 1206 sustulit,
517 1130 575 1194 sed
599 1131 755 1216 quaedam
784 1131 879 1196 etiam
906 1132 1096 1198 difficiliora
1124 1132 1174 1196 sol

175 1236 279 1298 lerter
299 1235 446 1300 restituit.
487 1235 606 1296 Postea
634 1256 714 1299 vero
729 1235 798 1322 .qui
821 1239 1004 1310 Erobianam
1036 1247 1070 1297 et
1099 1237 1174 1314 Gry·
1199 1288 1202 1306 ,

65 1361 68 1368 ·
174 1338 335 1428 platanum,
360 1347 530 1420 utramque
553 1337 623 1398 anni
653 1340 749 1416 15t5,
777 1351 946 1417 curarunt,
973 1337 1075 1400 multo
1101 1337 1174 1419 plus

176 1439 235 1502 sibi
254 1439 355 1506 licere
384 1439 533 1503 videntur
565 1439 710 1502 arbitrati
742 1459 813 1502 esse
821 1462 831 1521 3
863 1461 972 1504 omnes
1002 1433 1108 1502 autem
1134 1459 1173 1502 ex
1208 1513 1213 1526 .

175 1541 320 1627 principe
354 1543 494 1608 editione
535 1555 568 1606 et
601 1543 801 1626 interpolatis
838 1537 1010 1606 (lodicibus
1046 1543 1173 1610 omnino

172 1647 363 1729 pendebant.
397 1650 431 1708 ln
453 1670 517 1732 quo
538 1666 728 1732 quamquam
743 1646 972 1727 perseverabat
986 1645 1176 1707 Hadriano·

174 1751 291 1820 Iuniae,
313 1751 368 1835 qui
388 1751 543 1828 Curtium,
562 1747 669 1809 multis
695 1745 775 1808 locis
804 1768 844 1810 ex
874 1760 987 1813 vetere
1007 1749 1092 1812 libro
1114 1749 1174 1809 Ms.
1209 1749 1211 1754 ’
1265 1789 1270 1804 .

150 1851 214 1935 sad
250 1853 444 1934 optimorum
489 1849 644 1913 Codicum
677 1848 827 1911 familiam
861 1871 964 1934 prope
999 1849 1173 1912 accedente

174 1953 387 2031 emendatum,
410 1947 512 2016 edidit
538 1973 567 2018 a.
594 1950 681 2029 1546,
711 1961 745 2012 et
765 1947 1014 2014 emendatiorem
1030 1949 1171 2037 quidem,

174 2075 269 2139 quam
289 2067 337 2118 est
359 2057 412 2120 vel
432 2057 464 2117 in
484 2054 750 2123 Freinshemiana.
796 2052 874 2114 Inde
901 2055 1077 2115 Franciscus
1104 2053 1174 2117 Mo·

173 2156 239 2215 dim
266 2177 293 2222 a.
324 2141 400 2242 1579'
425 2181 540 2224 novam
566 2157 650 2221 viam
678 2154 867 2218 emendandi
899 2157 1003 2220 Curtii
1030 2143 1173 2240 aperuit3

133 2293 141 2306 ·
172 2256 198 2316 is
220 2257 303 2319 enim
325 2259 470 2324 Curtium
491 2262 531 2322 ad
551 2258 980 2324 membranasColonienses
1010 2269 1044 2322 et
1064 2257 1175 2344 Siege·

171 2351 342 2442 bergenses
364 2377 512 2428 accurate
533 2363 727 2430 recensitum
748 2361 870 2443 edidit3
892 2383 974 2448 quae
996 2363 1096 2428 editio
1117 2383 1175 2426 no·

172 2481 248 2524 vum
275 2466 366 2550 quasi
392 2468 538 2530 Curtium
563 2466 738 2534 redhibuit.
779 2466 1035 2552 Postldodium
1063 2465 1173 2529 nescio

172 2585 237 2646 quo
264 2580 360 2646 pacto
386 2569 506 2636 factum
535 2584 605 2652 est,
646 2584 683 2638 ut
713 2569 858 2634 homines
884 2569 924 2630 de
952 2571 1038 2633 omni
1064 2570 1172 2654 potius

171 2667 358 2731 recensione
385 2672 530 2736 dubitare
556 2675 703 2754 mallent,
729 2694 825 2758 quam
852 2671 1065 2756 distinguere,
1095 2667 1173 2756 quid

174 2767 245 2850 ipso
270 2788 310 2833 ex
340 2784 488 2835 veterum
518 2774 680 2838 librorum·
702 2774 891 2836 auctoritate
918 2768 1112 2837 corrasisset
1136 2758 1188 2834 et'

172 2870 250 2952 quid
271 2869 338 2932 sine
366 2871 496 2934 illorum
520 2875 635 2940 auxilio
666 2874 893 2957 excogitasset.
937 2878 1045 2957 Quare
1072 2891 1173 2958 quum

170 2993 211 3034 ne
247 2973 380 3060 reliquis
417 2976 547 3061 quidem
587 2978 679 3042 bonis
714 2976 901 3056 codicibus,
937 2976 1172 3064 Bongarsianis,

171 3075 398 3156 Fauchetiano,
418 3077 578 3161 heiflensi,
592 3081 760 3160 Vossiano,
780 3090 816 3140 ut
826 3097 887 3162 par
901 3077 975 3158 suit,
993 3089 1172 3156 uterentur,

171 3191 244 3262 post
264 3190 313 3241 tot
335 3179 522 3244 emendandi
538 3181 697 3266 praesidia
718 3191 850 3264 reperta
868 3191 961 3242 vetus
984 3181 1087 3246 honos
1103 3161 1171 3244 iul·

170 3293 262 3363 gatae
293 3281 421 3360 mansit,
446 3300 612 3369 paucaque
639 3278 671 3340 in
698 3298 736 3341 ea
760 3283 894 3345 mutavit
921 3279 1171 3360 Freinshemius,

170 3383 270 3446 multo
293 3383 387 3447 etiam
408 3385 561 3468 pauciora
581 3385 612 3449 in
626 3368 884 3448 Freinshemiana
898 3373 1167 3467 Snahenborgius.
