2660 3864
78 335 90 342 “
180 345 230 398 ros
552 339 574 392 1.
593 338 815 391 snmnsusuu

176 500 227 548 tus
250 486 401 568 agerent3
423 499 621 570 quantasque
643 487 792 546 maximas
813 498 943 568 possent
965 487 1106 567 eqnitnm
1128 507 1185 568 pe·

178 568 345 652 ditumque
358 567 477 648 copias,
500 587 573 628 cum
594 567 642 641 iis,
664 568 717 650 qui
733 579 801 635 tum
824 567 959 641 abibant,
982 567 1040 629 sul)
1062 567 1186 628 initium

176 648 261 708 veris
307 647 513 710 adducerent.
573 646 802 708 Animadversa
847 658 970 721 autem,
1007 647 1186 715 exercitum

177 727 323 788 Asiaticis
345 727 489 788 moribus
510 723 612 801 inlici,
644 746 852 806 magnamque
876 725 975 802 vulgo
997 745 1058 806 per
1083 739 1187 805 castra

147 788 413 888 'Ximpudicorum
440 805 672 867 multitudinem
700 806 829 882 haberi,
874 805 1048 886 probrosos
1078 809 1197 868 omnes·

178 907 238 948 con
266 887 326 946 uiri
345 887 447 963 iussit,
469 899 502 946 ct
525 886 557 944 in
576 907 706 967 parvam
735 886 891 980 quandam
920 887 1075 947 Ceramicl
1102 887 1187 946 sinus

177 909 312 1032 insulam
336 967 479 1048 seposuit
496 961 541 1042 19)
564 964 730 1048 haesitque
751 966 877 1025 miamin
892 965 977 1042 loco,
999 978 1032 1027 et
1054 965 1095 1028 ob
1118 966 1187 1027 cius

175 1047 224 1107 rei
247 1049 433 1108 memoriam
455 1041 678 1126 Cinaedopolis
707 1047 894 1126 appellatur,
1016 1063 1018 1066 ·
1116 1069 1118 1074 ·

257 1129 309 1186 xl.
333 1127 390 1186 His
412 1127 455 1188 ita
474 1125 588 1206 gestis,
609 1124 754 1264 iqqistcns
782 1125 914 1186 consilio
941 1145 1009 1200 suo,
1034 1137 1080 1201 ut,
1102 1126 1188 1186 omni

178 1207 335 1267 maritima
363 1227 427 1268 ora·
445 1205 493 1266 sui
514 1205 632 1265 inrisa
662 1217 748 1276 ecte,
779 1205 912 1265 classem
935 1205 1073 1267 hostium
1095 1203 1189 1266 inuti·

179 1288 244 1347 lem
265 1286 431 1361 redderet,
452 1285 610 1366 Hypernis
630 1285 781 1365 receptis,
807 1304 890 1368 quae
913 1305 1019 1345 assessi
1044 1297 1188 1346 tenentes

178 1367 369 1426 mercenarii
400 1365 606 1436 dediderant,
647 1365 678 1430 in
711 1365 838 1442 Lyciam
867 1365 1037 1434 contendit,
1078 1365 1126 1425 lbi
1159 1365 1187 1437 1]

178 1457 272 1525 pacta
293 1465 366 1506 eum
386 1443 652 1506 Telmissensibus
674 1445 819 1520 amicitia,
843 1445 1037 1528 Xanthoque
1057 1443 1189 1506 ssumine

177 1525 371 1595 transmisso,
391 1523 614 1605 cognominem
636 1524 719 1586 amni
740 1524 865 1599 urbem,
887 1525 1065 1608 Pinaraque
1081 1537 1114 1587 et
1129 1527 1190 1586 Pa·

176 1617 254 1674 tara,
277 1605 395 1668 nobilia
416 1605 454 1666 iis
476 1603 662 1686 regionibus
685 1603 813 1684 oppida,
835 1623 906 1665 cum
924 1605 991 1664 aliis
1014 1605 1189 1668 minoribus

178 1685 308 1745 circiter
339 1684 484 1763 triginta,
512 1685 542 1742 in
575 1681 670 1742 iidem
695 1683 827 1764 accipit:
862 1682 1027 1766 rebusque
1057 1685 1130 1745 satis
1157 1685 1190 1744 in

177 1783 330 1844 praesens
354 1764 550 1845 compositis,
572 1763 603 1823 in
625 1763 760 1842 Myliada
804 1763 930 1824 recedit
952 1761 992 1844 2).
1031 1764 1190 1846 Phrygiae

179 1844 309 1906 maioris
334 1845 442 1923 portio
464 1844 573 1924 lllylias
596 1855 661 1916 est3
692 1842 749 1902 sed
778 1784 951 1905 gesseram
972 1845 1103 1926 regibus
1124 1844 1192 1926 pla·

179 1936 299 1996 cucrat,
331 1924 445 2002 Lyciae
474 1945 541 1991 eam
571 1923 741 1984 contribui.
784 1923 863 1992 Eam
886 1923 961 1988 dum
982 1924 1117 2004 recipit,
1138 1923 1190 1984 ad-

83 2047 85 2052 s
177 2002 271 2062 fuere
291 2003 521 2070 Phaselitarum
535 2001 642 2083 legati,
659 2002 824 2066 amicitiam
843 2015 980 2078 orentes,
997 2021 1190 2086 aureamque
1249 1995 1257 2010 ⁹

178 2102 329 2143 coronam
355 2081 513 2160 hospitale
542 2081 658 2140 donum
689 2081 883 2145 atterebant:
927 2083 1011 2142 idem
1039 2082 1191 2166 petebant

178 2161 348 2226 multarum
372 2161 501 2234 urbium
524 2172 672 2221 oratores
693 2181 732 2219 ex
753 2160 907 2223 inferiore
930 2163 1035 2240 Lycia.
1076 2165 1189 2244 Itaque

178 2261 246 2314 rex,
268 2241 460 2322 praemissis,
482 2240 597 2325 quibus
619 2239 737 2319 oppida
758 2259 814 2300 sua
835 2243 1014 2304 Phaselitae
1036 2243 1190 2325 inestque
1240 2302 1244 2306 .

179 2321 363 2398 traderent,
393 2322 502 2402 parneis
523 2332 599 2402 post
628 2319 740 2382 dicbus
765 2321 914 2382 Phaselin
939 2321 1107 2402 prolectas
1130 2335 1190 2386 cst.

179 2401 416 2485 Oppugnahant
449 2402 496 2463 illi
531 2412 599 2460 tum
633 2399 768 2468 maxime
814 2403 951 2461 validum
985 2403 1191 2482 praesidium,

180 2482 269 2564 quod
297 2485 328 2546 in
350 2483 494 2561 ipsorum
522 2479 642 2542 ditione
672 2479 799 2540 Pisidae
834 2493 1088 2556 corastruncrant,
1109 2483 1190 2541 mul·

178 2573 293 2644 tueque
315 2563 388 2628 iude
410 2561 537 2622 iniurias
558 2559 728 2622 intulerant
752 2561 877 2622 accolis.
900 2561 936 2620 Id
959 2563 1095 2621 adrcntu
1115 2562 1191 2622 Ale·

161 2641 291 2712 sxarsdri
317 2642 408 2702 brevi
430 2654 556 2722 captum
578 2638 650 2697 l'uit.
675 2640 770 2718 Apud
792 2640 966 2702 Phaselitas
985 2643 1013 2716 ³)
1040 2641 1191 2706 ¹olusculos

180 2719 259 2791 dics,
283 2733 317 2780 ut
338 2743 438 2804 seque
462 2733 492 2782 et
513 2718 687 2780 exercitum
710 2717 876 2792 reliceret,
902 2723 1001 2804 (parieti
1022 2663 1119 2783 dedit.
1143 2723 1189 2780 ln·

180 2799 300 2860 vitabat
321 2801 414 2861 ctiam
444 2813 569 2879 tempus
598 2797 682 2872 arran
720 2797 839 2880 quippe
868 2802 972 2861 ntetlia
1001 2802 1062 2860 iam
1089 2800 1190 2860 hiems

181 2878 328 2940 dil'liciles
350 2877 572 2963 progredienti
593 2876 657 2935 vias
679 2875 845 2940 ell'ccerat.
889 2879 936 2938 lbi
963 2902 1023 2960 pcr
1050 2879 1190 2942 hilarita-

180 2973 247 3022 tem
268 2973 301 3022 et
322 2962 432 3042 epulas
452 2963 555 3022 laxato
578 2954 696 3035 astino,
719 2977 791 3019 cum
812 2971 948 3022 statuam
970 2959 1149 3022 'l'heodecti
1170 2980 1188 3018 a

233 3211 273 3281 19)
294 3213 396 3262 Plinius
414 3213 441 3277 5,
461 3213 497 3275 31,
519 3229 547 3262 u.

254 3281 277 3346 ι)
300 3283 403 3330 Artdun.
425 3297 444 3342 1,
464 3295 487 3346 7,
504 3281 547 3341 30,

153 3387 155 3396 .
250 3347 277 3466 ξ)
298 3347 527 3412 Diodor.17,27.
549 3349 651 3399 arrian.
678 3367 701 3412 ι,
720 3367 743 3416 7.
767 3351 808 3404 31.

269 3415 433 3481 )Plutarcl1.
452 3417 535 3467 aad.
556 3417 658 3466 Arrian.
685 3435 706 3479 r,
727 3435 751 3482 7,
771 3422 812 3471 31.
838 3414 932 3465 Snidas
962 3432 984 3462 r.
1005 3405 1192 3482 &eodemne
