<?xml version="1.0" encoding="UTF-8"?>
<!DOCTYPE html PUBLIC "-//W3C//DTD XHTML 1.0 Transitional//EN"
    "http://www.w3.org/TR/xhtml1/DTD/xhtml1-transitional.dtd">
<html xmlns="http://www.w3.org/1999/xhtml" xml:lang="en" lang="en">
 <head>
  <title>
</title>
<meta http-equiv="Content-Type" content="text/html;charset=utf-8" />
  <meta name='ocr-system' content='tesseract 3.04.00' />
  <meta name='ocr-capabilities' content='ocr_page ocr_carea ocr_par ocr_line ocrx_word'/>
</head>
<body>
  <div class='ocr_page' id='page_1' title='image "./degestisalexand01baumgoog_0015.png"; bbox 0 0 2636 3860; ppageno 0'>
   <div class='ocr_carea' id='block_1_1' title="bbox 471 361 1124 430">
    <p class='ocr_par' dir='ltr' id='par_1_1' title="bbox 471 361 1124 430">
     <span class='ocr_line' id='line_1_1' title="bbox 471 361 1124 430; baseline -0.006 -6"><span class='ocrx_word' id='word_1_1' title='bbox 471 383 606 426; x_wconf 77' lang='lat' dir='ltr'><strong>uorum</strong></span> <span class='ocrx_word' id='word_1_2' title='bbox 627 379 817 426; x_wconf 72' lang='lat' dir='ltr'><strong>urrunnu.</strong></span> <span class='ocrx_word' id='word_1_3' title='bbox 933 415 937 430; x_wconf 75' lang='grc'><strong>,</strong></span> <span class='ocrx_word' id='word_1_4' title='bbox 1066 361 1124 422; x_wconf 86' lang='lat' dir='ltr'><strong>Vll</strong></span> 
     </span>
    </p>
   </div>
   <div class='ocr_carea' id='block_1_2' title="bbox 107 517 1193 2736">
    <p class='ocr_par' dir='ltr' id='par_1_2' title="bbox 107 517 1193 2736">
     <span class='ocr_line' id='line_1_2' title="bbox 132 517 1122 606; baseline -0.004 -20"><span class='ocrx_word' id='word_1_5' title='bbox 132 544 208 586; x_wconf 87' lang='lat' dir='ltr'><strong>num</strong></span> <span class='ocrx_word' id='word_1_6' title='bbox 228 541 328 606; x_wconf 83' lang='lat' dir='ltr'><strong>usque</strong></span> <span class='ocrx_word' id='word_1_7' title='bbox 349 521 433 586; x_wconf 87' lang='lat' dir='ltr'><strong>diem</strong></span> <span class='ocrx_word' id='word_1_8' title='bbox 450 522 551 585; x_wconf 87' lang='lat' dir='ltr'><strong>ullum</strong></span> <span class='ocrx_word' id='word_1_9' title='bbox 564 520 667 584; x_wconf 88' lang='lat' dir='ltr'><strong>Curtii</strong></span> <span class='ocrx_word' id='word_1_10' title='bbox 688 517 854 602; x_wconf 83' lang='lat' dir='ltr'><strong>vestigium</strong></span> <span class='ocrx_word' id='word_1_11' title='bbox 875 518 959 601; x_wconf 88' lang='lat' dir='ltr'><strong>apud</strong></span> <span class='ocrx_word' id='word_1_12' title='bbox 978 529 1122 582; x_wconf 81' lang='lat' dir='ltr'><strong>veterem</strong></span> 
     </span>
     <span class='ocr_line' id='line_1_3' title="bbox 133 616 1124 710; baseline -0.004 -22"><span class='ocrx_word' id='word_1_13' title='bbox 133 627 271 710; x_wconf 82' lang='lat' dir='ltr'><strong>aliquem</strong></span> <span class='ocrx_word' id='word_1_14' title='bbox 290 639 454 688; x_wconf 80' lang='lat' dir='ltr'><strong>auctorem</strong></span> <span class='ocrx_word' id='word_1_15' title='bbox 468 616 644 706; x_wconf 84' lang='lat' dir='ltr'><strong>reperisse3</strong></span> <span class='ocrx_word' id='word_1_16' title='bbox 665 623 722 686; x_wconf 86' lang='lat' dir='ltr'><strong>sed</strong></span> <span class='ocrx_word' id='word_1_17' title='bbox 735 640 774 682; x_wconf 94' lang='lat' dir='ltr'><strong>eo</strong></span> <span class='ocrx_word' id='word_1_18' title='bbox 789 641 890 703; x_wconf 90' lang='lat' dir='ltr'><strong>usque</strong></span> <span class='ocrx_word' id='word_1_19' title='bbox 903 621 1124 704; x_wconf 78' lang='lat' dir='ltr'><strong>progreditur,</strong></span> 
     </span>
     <span class='ocr_line' id='line_1_4' title="bbox 133 723 1123 808; baseline -0.005 -17"><span class='ocrx_word' id='word_1_20' title='bbox 133 741 170 791; x_wconf 91' lang='lat' dir='ltr'><strong>ut</strong></span> <span class='ocrx_word' id='word_1_21' title='bbox 189 739 261 790; x_wconf 87' lang='lat' dir='ltr'><strong>anta</strong></span> <span class='ocrx_word' id='word_1_22' title='bbox 281 728 423 790; x_wconf 87' lang='lat' dir='ltr'><strong>seculum</strong></span> <span class='ocrx_word' id='word_1_23' title='bbox 450 749 467 787; x_wconf 87' lang='lat' dir='ltr'><strong>a</strong></span> <span class='ocrx_word' id='word_1_24' title='bbox 488 727 565 792; x_wconf 80' lang='lat' dir='ltr'><strong>Chr.</strong></span> <span class='ocrx_word' id='word_1_25' title='bbox 587 749 617 786; x_wconf 85' lang='lat' dir='ltr'><strong>n.</strong></span> <span class='ocrx_word' id='word_1_26' title='bbox 638 726 708 790; x_wconf 82' lang='lat' dir='ltr'><strong>XV.</strong></span> <span class='ocrx_word' id='word_1_27' title='bbox 733 723 889 784; x_wconf 80' lang='lat' dir='ltr'><strong>nemidern</strong></span> <span class='ocrx_word' id='word_1_28' title='bbox 909 725 1046 808; x_wconf 83' lang='lat' dir='ltr'><strong>omnium</strong></span> <span class='ocrx_word' id='word_1_29' title='bbox 1069 746 1123 788; x_wconf 84' lang='lat' dir='ltr'><strong>ex-</strong></span> 
     </span>
     <span class='ocr_line' id='line_1_5' title="bbox 132 825 1121 912; baseline -0.004 -18"><span class='ocrx_word' id='word_1_30' title='bbox 132 844 217 894; x_wconf 81' lang='lat' dir='ltr'><strong>stare</strong></span> <span class='ocrx_word' id='word_1_31' title='bbox 247 829 434 906; x_wconf 81' lang='lat' dir='ltr'><strong>contendat,</strong></span> <span class='ocrx_word' id='word_1_32' title='bbox 461 829 515 912; x_wconf 87' lang='lat' dir='ltr'><strong>qui</strong></span> <span class='ocrx_word' id='word_1_33' title='bbox 537 830 639 893; x_wconf 85' lang='lat' dir='ltr'><strong>Curtii</strong></span> <span class='ocrx_word' id='word_1_34' title='bbox 659 825 824 903; x_wconf 85' lang='lat' dir='ltr'><strong>Historici,</strong></span> <span class='ocrx_word' id='word_1_35' title='bbox 851 836 903 886; x_wconf 89' lang='lat' dir='ltr'><strong>aut</strong></span> <span class='ocrx_word' id='word_1_36' title='bbox 923 829 1058 910; x_wconf 81' lang='lat' dir='ltr'><strong>scriptae</strong></span> <span class='ocrx_word' id='word_1_37' title='bbox 1083 831 1121 890; x_wconf 88' lang='lat' dir='ltr'><strong>ab</strong></span> 
     </span>
     <span class='ocr_line' id='line_1_6' title="bbox 136 931 1121 1015; baseline -0.003 -17"><span class='ocrx_word' id='word_1_38' title='bbox 136 935 191 998; x_wconf 89' lang='lat' dir='ltr'><strong>illo</strong></span> <span class='ocrx_word' id='word_1_39' title='bbox 226 933 377 994; x_wconf 80' lang='lat' dir='ltr'><strong>historiae</strong></span> <span class='ocrx_word' id='word_1_40' title='bbox 414 933 605 996; x_wconf 87' lang='lat' dir='ltr'><strong>mentionem</strong></span> <span class='ocrx_word' id='word_1_41' title='bbox 634 931 779 1015; x_wconf 84' lang='lat' dir='ltr'><strong>iniecerit</strong></span> <span class='ocrx_word' id='word_1_42' title='bbox 821 931 863 1004; x_wconf 74' lang='grc'><strong>3).</strong></span> <span class='ocrx_word' id='word_1_43' title='bbox 911 933 1026 992; x_wconf 85' lang='lat' dir='ltr'><strong>Contra</strong></span> <span class='ocrx_word' id='word_1_44' title='bbox 1053 934 1121 996; x_wconf 86' lang='grc' dir='ltr'><strong>Μο-</strong></span> 
     </span>
     <span class='ocr_line' id='line_1_7' title="bbox 129 1029 1120 1120; baseline -0.003 -21"><span class='ocrx_word' id='word_1_45' title='bbox 129 1038 245 1099; x_wconf 88' lang='lat' dir='ltr'><strong>ilerum</strong></span> <span class='ocrx_word' id='word_1_46' title='bbox 273 1034 375 1098; x_wconf 90' lang='lat' dir='ltr'><strong>Curtii</strong></span> <span class='ocrx_word' id='word_1_47' title='bbox 407 1035 618 1120; x_wconf 83' lang='lat' dir='ltr'><strong>patrocinium</strong></span> <span class='ocrx_word' id='word_1_48' title='bbox 651 1029 790 1112; x_wconf 88' lang='lat' dir='ltr'><strong>suscepit</strong></span> <span class='ocrx_word' id='word_1_49' title='bbox 826 1050 962 1115; x_wconf 89' lang='lat' dir='ltr'><strong>eumque</strong></span> <span class='ocrx_word' id='word_1_50' title='bbox 999 1034 1031 1096; x_wconf 92' lang='lat' dir='ltr'><strong>in</strong></span> <span class='ocrx_word' id='word_1_51' title='bbox 1069 1058 1120 1096; x_wconf 88' lang='lat' dir='ltr'><strong>an·</strong></span> 
     </span>
     <span class='ocr_line' id='line_1_8' title="bbox 129 1135 1122 1224; baseline -0.002 -22"><span class='ocrx_word' id='word_1_52' title='bbox 129 1140 291 1224; x_wconf 78' lang='lat' dir='ltr'><strong>tiquorurp</strong></span> <span class='ocrx_word' id='word_1_53' title='bbox 315 1137 506 1219; x_wconf 85' lang='lat' dir='ltr'><strong>scriptorum</strong></span> <span class='ocrx_word' id='word_1_54' title='bbox 527 1150 654 1200; x_wconf 90' lang='lat' dir='ltr'><strong>coetum</strong></span> <span class='ocrx_word' id='word_1_55' title='bbox 676 1135 847 1199; x_wconf 84' lang='lat' dir='ltr'><strong>vindicavit</strong></span> <span class='ocrx_word' id='word_1_56' title='bbox 866 1136 993 1213; x_wconf 70' lang='lat' dir='ltr'><strong>Magnus</strong></span> <span class='ocrx_word' id='word_1_57' title='bbox 1012 1141 1122 1202; x_wconf 77' lang='lat' dir='ltr'><strong>Daniel</strong></span> 
     </span>
     <span class='ocr_line' id='line_1_9' title="bbox 131 1237 1175 1308; baseline 0.001 -5"><span class='ocrx_word' id='word_1_58' title='bbox 131 1242 271 1304; x_wconf 80' lang='lat' dir='ltr'><strong>Omcisius</strong></span> <span class='ocrx_word' id='word_1_59' title='bbox 295 1240 361 1302; x_wconf 79' lang='lat' dir='ltr'><strong>sive</strong></span> <span class='ocrx_word' id='word_1_60' title='bbox 381 1241 568 1302; x_wconf 84' lang='lat' dir='ltr'><strong>Hermannus</strong></span> <span class='ocrx_word' id='word_1_61' title='bbox 587 1242 749 1308; x_wconf 78' lang='lat' dir='ltr'><strong>Brevems,</strong></span> <span class='ocrx_word' id='word_1_62' title='bbox 771 1237 994 1302; x_wconf 78' lang='lat' dir='ltr'><strong>dissertatione</strong></span> <span class='ocrx_word' id='word_1_63' title='bbox 1016 1240 1051 1302; x_wconf 80' lang='lat' dir='ltr'><strong>de</strong></span> <span class='ocrx_word' id='word_1_64' title='bbox 1069 1265 1120 1304; x_wconf 83' lang='lat' dir='ltr'><strong>ae·</strong></span> <span class='ocrx_word' id='word_1_65' title='bbox 1172 1247 1175 1256; x_wconf 85' lang='lat'>&#39;</span> 
     </span>
     <span class='ocr_line' id='line_1_10' title="bbox 130 1339 1118 1425; baseline 0.003 -21"><span class='ocrx_word' id='word_1_66' title='bbox 130 1355 195 1404; x_wconf 77' lang='lat' dir='ltr'><strong>tate</strong></span> <span class='ocrx_word' id='word_1_67' title='bbox 216 1344 251 1425; x_wconf 83' lang='lat' dir='ltr'><strong>Q.</strong></span> <span class='ocrx_word' id='word_1_68' title='bbox 273 1345 356 1404; x_wconf 85' lang='lat' dir='ltr'><strong>Curt.</strong></span> <span class='ocrx_word' id='word_1_69' title='bbox 378 1341 456 1421; x_wconf 84' lang='lat' dir='ltr'><strong>Rufi,</strong></span> <span class='ocrx_word' id='word_1_70' title='bbox 479 1340 621 1404; x_wconf 83' lang='lat' dir='ltr'><strong>Altdorf.</strong></span> <span class='ocrx_word' id='word_1_71' title='bbox 653 1339 738 1406; x_wconf 75' lang='lat'>1683.</span> <span class='ocrx_word' id='word_1_72' title='bbox 758 1347 810 1417; x_wconf 79' lang='lat' dir='ltr'><strong>lt·;</strong></span> <span class='ocrx_word' id='word_1_73' title='bbox 833 1339 885 1420; x_wconf 82' lang='lat' dir='ltr'><strong>eui</strong></span> <span class='ocrx_word' id='word_1_74' title='bbox 913 1361 1020 1404; x_wconf 88' lang='lat' dir='ltr'><strong>omnes</strong></span> <span class='ocrx_word' id='word_1_75' title='bbox 1046 1342 1118 1407; x_wconf 83' lang='lat' dir='ltr'><strong>fere</strong></span> 
     </span>
     <span class='ocr_line' id='line_1_11' title="bbox 128 1440 1116 1520; baseline 0.002 -16"><span class='ocrx_word' id='word_1_76' title='bbox 128 1445 200 1510; x_wconf 86' lang='lat' dir='ltr'><strong>Viri</strong></span> <span class='ocrx_word' id='word_1_77' title='bbox 219 1444 346 1506; x_wconf 87' lang='lat' dir='ltr'><strong>Eruditi</strong></span> <span class='ocrx_word' id='word_1_78' title='bbox 366 1445 589 1517; x_wconf 88' lang='lat' dir='ltr'><strong>assentiuntur,</strong></span> <span class='ocrx_word' id='word_1_79' title='bbox 611 1440 755 1520; x_wconf 89' lang='lat' dir='ltr'><strong>injuriam</strong></span> <span class='ocrx_word' id='word_1_80' title='bbox 777 1452 959 1517; x_wconf 80' lang='lat' dir='ltr'><strong>censentes,</strong></span> <span class='ocrx_word' id='word_1_81' title='bbox 987 1442 1029 1504; x_wconf 88' lang='lat' dir='ltr'><strong>dc</strong></span> <span class='ocrx_word' id='word_1_82' title='bbox 1050 1455 1116 1506; x_wconf 87' lang='lat' dir='ltr'><strong>tam</strong></span> 
     </span>
     <span class='ocr_line' id='line_1_12' title="bbox 127 1538 1119 1628; baseline -0.002 -20"><span class='ocrx_word' id='word_1_83' title='bbox 127 1546 218 1608; x_wconf 76' lang='lat' dir='ltr'><strong>nitidi</strong></span> <span class='ocrx_word' id='word_1_84' title='bbox 240 1545 454 1628; x_wconf 83' lang='lat' dir='ltr'><strong>elegantisque</strong></span> <span class='ocrx_word' id='word_1_85' title='bbox 474 1543 638 1624; x_wconf 87' lang='lat' dir='ltr'><strong>scriptoris</strong></span> <span class='ocrx_word' id='word_1_86' title='bbox 659 1538 841 1624; x_wconf 82' lang='lat' dir='ltr'><strong>antiquitate</strong></span> <span class='ocrx_word' id='word_1_87' title='bbox 863 1542 1018 1610; x_wconf 87' lang='lat' dir='ltr'><strong>dubitare.</strong></span> <span class='ocrx_word' id='word_1_88' title='bbox 1040 1548 1119 1607; x_wconf 89' lang='lat' dir='ltr'><strong>Nam</strong></span> 
     </span>
     <span class='ocr_line' id='line_1_13' title="bbox 129 1646 1193 1731; baseline 0.006 -24"><span class='ocrx_word' id='word_1_89' title='bbox 129 1646 217 1731; x_wconf 87' lang='lat' dir='ltr'><strong>quod</strong></span> <span class='ocrx_word' id='word_1_90' title='bbox 240 1646 281 1706; x_wconf 91' lang='lat' dir='ltr'><strong>ad</strong></span> <span class='ocrx_word' id='word_1_91' title='bbox 300 1646 457 1709; x_wconf 87' lang='lat' dir='ltr'><strong>silentium</strong></span> <span class='ocrx_word' id='word_1_92' title='bbox 489 1659 650 1720; x_wconf 84' lang='lat' dir='ltr'><strong>veterum,</strong></span> <span class='ocrx_word' id='word_1_93' title='bbox 675 1646 863 1728; x_wconf 86' lang='lat' dir='ltr'><strong>praesertim</strong></span> <span class='ocrx_word' id='word_1_94' title='bbox 892 1646 1118 1714; x_wconf 88' lang='lat' dir='ltr'><strong>Grammatico·</strong></span> <span class='ocrx_word' id='word_1_95' title='bbox 1190 1693 1193 1700; x_wconf 63' lang='lat'><em>=</em></span> 
     </span>
     <span class='ocr_line' id='line_1_14' title="bbox 131 1747 1116 1837; baseline 0.005 -28"><span class='ocrx_word' id='word_1_96' title='bbox 131 1769 223 1825; x_wconf 88' lang='lat' dir='ltr'><strong>rum,</strong></span> <span class='ocrx_word' id='word_1_97' title='bbox 244 1747 369 1826; x_wconf 84' lang='lat' dir='ltr'><strong>attinet,</strong></span> <span class='ocrx_word' id='word_1_98' title='bbox 387 1771 436 1812; x_wconf 62' lang='lat' dir='ltr'><strong>,ea</strong></span> <span class='ocrx_word' id='word_1_99' title='bbox 455 1771 507 1812; x_wconf 85' lang='lat' dir='ltr'><strong>res</strong></span> <span class='ocrx_word' id='word_1_100' title='bbox 527 1769 590 1812; x_wconf 88' lang='lat' dir='ltr'><strong>non</strong></span> <span class='ocrx_word' id='word_1_101' title='bbox 611 1749 688 1809; x_wconf 88' lang='lat' dir='ltr'><strong>tanti</strong></span> <span class='ocrx_word' id='word_1_102' title='bbox 709 1759 778 1826; x_wconf 88' lang='lat' dir='ltr'><strong>est,</strong></span> <span class='ocrx_word' id='word_1_103' title='bbox 796 1760 832 1810; x_wconf 91' lang='lat' dir='ltr'><strong>ut</strong></span> <span class='ocrx_word' id='word_1_104' title='bbox 852 1749 1039 1832; x_wconf 85' lang='lat' dir='ltr'><strong>scriptoris,</strong></span> <span class='ocrx_word' id='word_1_105' title='bbox 1061 1755 1116 1837; x_wconf 92' lang='lat' dir='ltr'><strong>qui</strong></span> 
     </span>
     <span class='ocr_line' id='line_1_15' title="bbox 129 1842 1116 1939; baseline 0.005 -27"><span class='ocrx_word' id='word_1_106' title='bbox 129 1850 299 1912; x_wconf 85' lang='lat' dir='ltr'><strong>virtutibus</strong></span> <span class='ocrx_word' id='word_1_107' title='bbox 332 1854 395 1914; x_wconf 86' lang='lat' dir='ltr'><strong>suis</strong></span> <span class='ocrx_word' id='word_1_108' title='bbox 427 1842 599 1916; x_wconf 83' lang='lat' dir='ltr'><strong>arctissime</strong></span> <span class='ocrx_word' id='word_1_109' title='bbox 639 1871 711 1912; x_wconf 87' lang='lat' dir='ltr'><strong>cum</strong></span> <span class='ocrx_word' id='word_1_110' title='bbox 751 1873 898 1934; x_wconf 83' lang='lat' dir='ltr'><strong>germana</strong></span> <span class='ocrx_word' id='word_1_111' title='bbox 933 1855 1116 1939; x_wconf 77' lang='lat' dir='ltr'><strong>antiquitate</strong></span> 
     </span>
     <span class='ocr_line' id='line_1_16' title="bbox 129 1954 1118 2049; baseline 0.002 -33"><span class='ocrx_word' id='word_1_112' title='bbox 129 1954 340 2038; x_wconf 82' lang='lat' dir='ltr'><strong>conjungitur,</strong></span> <span class='ocrx_word' id='word_1_113' title='bbox 361 1957 580 2049; x_wconf 79' lang='lat' dir='ltr'><strong>auctoritatem</strong></span> <span class='ocrx_word' id='word_1_114' title='bbox 601 1966 779 2038; x_wconf 82' lang='lat' dir='ltr'><strong>suspectam</strong></span> <span class='ocrx_word' id='word_1_115' title='bbox 806 1955 920 2016; x_wconf 91' lang='lat' dir='ltr'><strong>reddat</strong></span> <span class='ocrx_word' id='word_1_116' title='bbox 947 1966 1041 2040; x_wconf 86' lang='lat' dir='ltr'><strong>atque</strong></span> <span class='ocrx_word' id='word_1_117' title='bbox 1061 1957 1118 2018; x_wconf 90' lang='lat' dir='ltr'><strong>im·</strong></span> 
     </span>
     <span class='ocr_line' id='line_1_17' title="bbox 127 2055 1117 2145; baseline -0.002 -27"><span class='ocrx_word' id='word_1_118' title='bbox 127 2059 256 2145; x_wconf 81' lang='lat' dir='ltr'><strong>minuat,</strong></span> <span class='ocrx_word' id='word_1_119' title='bbox 278 2079 348 2120; x_wconf 88' lang='lat' dir='ltr'><strong>cum</strong></span> <span class='ocrx_word' id='word_1_120' title='bbox 369 2057 435 2120; x_wconf 90' lang='lat' dir='ltr'><strong>aliis</strong></span> <span class='ocrx_word' id='word_1_121' title='bbox 461 2057 555 2118; x_wconf 88' lang='lat' dir='ltr'><strong>etiam</strong></span> <span class='ocrx_word' id='word_1_122' title='bbox 579 2057 766 2142; x_wconf 86' lang='lat' dir='ltr'><strong>quibusdam</strong></span> <span class='ocrx_word' id='word_1_123' title='bbox 786 2069 931 2118; x_wconf 87' lang='lat' dir='ltr'><strong>veterum</strong></span> <span class='ocrx_word' id='word_1_124' title='bbox 955 2055 1117 2132; x_wconf 88' lang='lat' dir='ltr'><strong>acciderit,</strong></span> 
     </span>
     <span class='ocr_line' id='line_1_18' title="bbox 127 2159 1117 2244; baseline -0.001 -23"><span class='ocrx_word' id='word_1_125' title='bbox 127 2174 164 2223; x_wconf 90' lang='lat' dir='ltr'><strong>ut</strong></span> <span class='ocrx_word' id='word_1_126' title='bbox 179 2161 220 2224; x_wconf 87' lang='lat' dir='ltr'><strong>de</strong></span> <span class='ocrx_word' id='word_1_127' title='bbox 240 2161 277 2223; x_wconf 91' lang='lat' dir='ltr'><strong>iis</strong></span> <span class='ocrx_word' id='word_1_128' title='bbox 297 2160 374 2222; x_wconf 84' lang='lat' dir='ltr'><strong>nihil</strong></span> <span class='ocrx_word' id='word_1_129' title='bbox 393 2161 625 2244; x_wconf 86' lang='lat' dir='ltr'><strong>propemodum</strong></span> <span class='ocrx_word' id='word_1_130' title='bbox 653 2160 805 2235; x_wconf 85' lang='lat' dir='ltr'><strong>aciamus,</strong></span> <span class='ocrx_word' id='word_1_131' title='bbox 832 2178 937 2242; x_wconf 89' lang='lat' dir='ltr'><strong>neque</strong></span> <span class='ocrx_word' id='word_1_132' title='bbox 965 2178 1042 2219; x_wconf 83' lang='lat' dir='ltr'><strong>vero</strong></span> <span class='ocrx_word' id='word_1_133' title='bbox 1070 2159 1117 2220; x_wconf 86' lang='lat' dir='ltr'><strong>illi</strong></span> 
     </span>
     <span class='ocr_line' id='line_1_19' title="bbox 126 2260 1116 2346; baseline -0.002 -22"><span class='ocrx_word' id='word_1_134' title='bbox 126 2283 267 2346; x_wconf 87' lang='lat' dir='ltr'><strong>propere</strong></span> <span class='ocrx_word' id='word_1_135' title='bbox 289 2275 322 2324; x_wconf 88' lang='lat' dir='ltr'><strong>et</strong></span> <span class='ocrx_word' id='word_1_136' title='bbox 341 2264 510 2325; x_wconf 86' lang='lat' dir='ltr'><strong>temeraria</strong></span> <span class='ocrx_word' id='word_1_137' title='bbox 532 2262 661 2324; x_wconf 88' lang='lat' dir='ltr'><strong>audacia</strong></span> <span class='ocrx_word' id='word_1_138' title='bbox 678 2260 863 2322; x_wconf 90' lang='lat' dir='ltr'><strong>abiiciantur</strong></span> <span class='ocrx_word' id='word_1_139' title='bbox 884 2273 938 2321; x_wconf 90' lang='lat' dir='ltr'><strong>aut</strong></span> <span class='ocrx_word' id='word_1_140' title='bbox 957 2261 987 2320; x_wconf 89' lang='lat' dir='ltr'><strong>in</strong></span> <span class='ocrx_word' id='word_1_141' title='bbox 1001 2263 1116 2343; x_wconf 84' lang='lat' dir='ltr'><strong>spuriis</strong></span> 
     </span>
     <span class='ocr_line' id='line_1_20' title="bbox 126 2345 1116 2447; baseline -0.002 -23"><span class='ocrx_word' id='word_1_142' title='bbox 126 2377 345 2428; x_wconf 56' lang='lat' dir='ltr'><strong>numerentur,</strong></span> <span class='ocrx_word' id='word_1_143' title='bbox 399 2369 503 2428; x_wconf 89' lang='lat' dir='ltr'><strong>Error</strong></span> <span class='ocrx_word' id='word_1_144' title='bbox 543 2377 648 2426; x_wconf 88' lang='lat' dir='ltr'><strong>autem</strong></span> <span class='ocrx_word' id='word_1_145' title='bbox 681 2364 911 2447; x_wconf 78' lang='lat' dir='ltr'><strong>geographicas</strong></span> <span class='ocrx_word' id='word_1_146' title='bbox 950 2345 1013 2426; x_wconf 81' lang='lat' dir='ltr'><strong>hon</strong></span> <span class='ocrx_word' id='word_1_147' title='bbox 1044 2366 1116 2445; x_wconf 89' lang='lat' dir='ltr'><strong>plus</strong></span> 
     </span>
     <span class='ocr_line' id='line_1_21' title="bbox 107 2449 1116 2550; baseline 0 -24"><span class='ocrx_word' id='word_1_148' title='bbox 107 2465 240 2527; x_wconf 39' lang='lat' dir='ltr'><strong>*obesse</strong></span> <span class='ocrx_word' id='word_1_149' title='bbox 260 2467 411 2550; x_wconf 88' lang='lat' dir='ltr'><strong>scriptori</strong></span> <span class='ocrx_word' id='word_1_150' title='bbox 433 2479 543 2528; x_wconf 89' lang='lat' dir='ltr'><strong>nostro</strong></span> <span class='ocrx_word' id='word_1_151' title='bbox 565 2449 683 2546; x_wconf 82' lang='lat' dir='ltr'><strong>potest,</strong></span> <span class='ocrx_word' id='word_1_152' title='bbox 704 2488 796 2547; x_wconf 86' lang='lat' dir='ltr'><strong>quam</strong></span> <span class='ocrx_word' id='word_1_153' title='bbox 816 2467 869 2528; x_wconf 85' lang='lat' dir='ltr'><strong>vel</strong></span> <span class='ocrx_word' id='word_1_154' title='bbox 885 2466 1033 2526; x_wconf 89' lang='lat' dir='ltr'><strong>Cornelio</strong></span> <span class='ocrx_word' id='word_1_155' title='bbox 1054 2468 1116 2526; x_wconf 88' lang='lat' dir='ltr'><strong>Ne·</strong></span> 
     </span>
     <span class='ocr_line' id='line_1_22' title="bbox 127 2563 1116 2648; baseline 0.004 -22"><span class='ocrx_word' id='word_1_156' title='bbox 127 2568 196 2646; x_wconf 90' lang='lat' dir='ltr'><strong>poti</strong></span> <span class='ocrx_word' id='word_1_157' title='bbox 217 2568 269 2628; x_wconf 82' lang='lat' dir='ltr'><strong>vel</strong></span> <span class='ocrx_word' id='word_1_158' title='bbox 284 2567 463 2647; x_wconf 89' lang='lat' dir='ltr'><strong>Pomponio</strong></span> <span class='ocrx_word' id='word_1_159' title='bbox 477 2567 591 2648; x_wconf 76' lang='lat' dir='ltr'><strong>Melae,</strong></span> <span class='ocrx_word' id='word_1_160' title='bbox 611 2563 699 2645; x_wconf 85' lang='lat' dir='ltr'><strong>quod</strong></span> <span class='ocrx_word' id='word_1_161' title='bbox 718 2563 790 2624; x_wconf 84' lang='lat' dir='ltr'><strong>latri</strong></span> <span class='ocrx_word' id='word_1_162' title='bbox 809 2574 932 2645; x_wconf 84' lang='lat' dir='ltr'><strong>partem</strong></span> <span class='ocrx_word' id='word_1_163' title='bbox 951 2566 983 2626; x_wconf 90' lang='lat' dir='ltr'><strong>in</strong></span> <span class='ocrx_word' id='word_1_164' title='bbox 1004 2567 1116 2630; x_wconf 83' lang='lat' dir='ltr'><strong>Adria-</strong></span> 
     </span>
     <span class='ocr_line' id='line_1_23' title="bbox 128 2663 1115 2736; baseline 0.01 -12"><span class='ocrx_word' id='word_1_165' title='bbox 128 2666 227 2729; x_wconf 88' lang='lat' dir='ltr'><strong>ticum</strong></span> <span class='ocrx_word' id='word_1_166' title='bbox 247 2685 333 2726; x_wconf 88' lang='lat' dir='ltr'><strong>mare</strong></span> <span class='ocrx_word' id='word_1_167' title='bbox 354 2663 476 2726; x_wconf 85' lang='lat' dir='ltr'><strong>effundi</strong></span> <span class='ocrx_word' id='word_1_168' title='bbox 496 2664 709 2726; x_wconf 86' lang='lat' dir='ltr'><strong>crediderunt.</strong></span> <span class='ocrx_word' id='word_1_169' title='bbox 737 2667 836 2730; x_wconf 90' lang='lat' dir='ltr'><strong>Immo</strong></span> <span class='ocrx_word' id='word_1_170' title='bbox 856 2667 935 2732; x_wconf 77' lang='lat' dir='ltr'><strong>uero</strong></span> <span class='ocrx_word' id='word_1_171' title='bbox 959 2682 992 2732; x_wconf 89' lang='lat' dir='ltr'><strong>et</strong></span> <span class='ocrx_word' id='word_1_172' title='bbox 1010 2672 1115 2736; x_wconf 87' lang='lat' dir='ltr'><strong>mitius</strong></span> 
     </span>
    </p>
   </div>
   <div class='ocr_carea' id='block_1_3' title="bbox 88 2891 1115 3496">
    <p class='ocr_par' dir='ltr' id='par_1_3' title="bbox 88 2891 1115 3496">
     <span class='ocr_line' id='line_1_24' title="bbox 180 2891 1115 2966; baseline 0.002 -20"><span class='ocrx_word' id='word_1_173' title='bbox 180 2891 208 2962; x_wconf 81' lang='lat'><strong>3)</strong></span> <span class='ocrx_word' id='word_1_174' title='bbox 227 2894 372 2947; x_wconf 86' lang='lat' dir='ltr'><strong>Meminerc</strong></span> <span class='ocrx_word' id='word_1_175' title='bbox 390 2903 479 2948; x_wconf 84' lang='lat' dir='ltr'><strong>tamen</strong></span> <span class='ocrx_word' id='word_1_176' title='bbox 492 2895 579 2948; x_wconf 89' lang='lat' dir='ltr'><strong>Curtii</strong></span> <span class='ocrx_word' id='word_1_177' title='bbox 597 2897 715 2966; x_wconf 88' lang='lat' dir='ltr'><strong>quidam,</strong></span> <span class='ocrx_word' id='word_1_178' title='bbox 736 2916 851 2966; x_wconf 88' lang='lat' dir='ltr'><strong>quorum</strong></span> <span class='ocrx_word' id='word_1_179' title='bbox 868 2901 1005 2950; x_wconf 73' lang='lat' dir='ltr'><strong>oetas&#39;tria</strong></span> <span class='ocrx_word' id='word_1_180' title='bbox 1022 2915 1115 2950; x_wconf 85' lang='lat' dir='ltr'><strong>saecu·</strong></span> 
     </span>
     <span class='ocr_line' id='line_1_25' title="bbox 88 2959 1115 3035; baseline 0.005 -24"><span class='ocrx_word' id='word_1_181' title='bbox 88 3011 91 3019; x_wconf 88' lang='grc'><em>,</em></span> <span class='ocrx_word' id='word_1_182' title='bbox 129 2959 157 3011; x_wconf 88' lang='lat' dir='ltr'><strong>la</strong></span> <span class='ocrx_word' id='word_1_183' title='bbox 175 2963 255 3028; x_wconf 83' lang='lat' dir='ltr'><strong>longe</strong></span> <span class='ocrx_word' id='word_1_184' title='bbox 274 2964 389 3028; x_wconf 85' lang='lat' dir='ltr'><strong>excedit,</strong></span> <span class='ocrx_word' id='word_1_185' title='bbox 405 2973 434 3014; x_wconf 87' lang='lat' dir='ltr'><strong>ut</strong></span> <span class='ocrx_word' id='word_1_186' title='bbox 453 2967 492 3016; x_wconf 87' lang='lat' dir='ltr'><strong>sic</strong></span> <span class='ocrx_word' id='word_1_187' title='bbox 514 2969 608 3016; x_wconf 86' lang='lat' dir='ltr'><strong>saltem</strong></span> <span class='ocrx_word' id='word_1_188' title='bbox 633 2975 693 3017; x_wconf 85' lang='lat' dir='ltr'><strong>ante</strong></span> <span class='ocrx_word' id='word_1_189' title='bbox 716 2967 761 3018; x_wconf 85' lang='lat' dir='ltr'><strong>illa</strong></span> <span class='ocrx_word' id='word_1_190' title='bbox 782 2976 904 3035; x_wconf 86' lang='lat' dir='ltr'><strong>tempora</strong></span> <span class='ocrx_word' id='word_1_191' title='bbox 930 2969 1023 3018; x_wconf 82' lang='lat' dir='ltr'><strong>vixisse</strong></span> <span class='ocrx_word' id='word_1_192' title='bbox 1041 2970 1115 3018; x_wconf 83' lang='lat' dir='ltr'><strong>ilium</strong></span> 
     </span>
     <span class='ocr_line' id='line_1_26' title="bbox 126 3031 1114 3103; baseline 0.006 -25"><span class='ocrx_word' id='word_1_193' title='bbox 126 3045 234 3082; x_wconf 85' lang='lat' dir='ltr'><strong>necesse</strong></span> <span class='ocrx_word' id='word_1_194' title='bbox 262 3033 303 3081; x_wconf 83' lang='lat' dir='ltr'><strong>sit.</strong></span> <span class='ocrx_word' id='word_1_195' title='bbox 340 3031 476 3084; x_wconf 82' lang='lat' dir='ltr'><strong>Iohannes</strong></span> <span class='ocrx_word' id='word_1_196' title='bbox 501 3035 572 3084; x_wconf 87' lang='lat' dir='ltr'><strong>enim</strong></span> <span class='ocrx_word' id='word_1_197' title='bbox 599 3034 820 3096; x_wconf 72' lang='lat' dir='ltr'><strong>Sartsheriamis,</strong></span> <span class='ocrx_word' id='word_1_198' title='bbox 845 3036 1011 3087; x_wconf 84' lang='lat' dir='ltr'><strong>Carnoiensis</strong></span> <span class='ocrx_word' id='word_1_199' title='bbox 1037 3038 1114 3103; x_wconf 88' lang='lat' dir='ltr'><strong>Epis·</strong></span> 
     </span>
     <span class='ocr_line' id='line_1_27' title="bbox 126 3102 1115 3169; baseline 0.007 -22"><span class='ocrx_word' id='word_1_200' title='bbox 126 3113 219 3166; x_wconf 85' lang='lat' dir='ltr'><strong>copus,</strong></span> <span class='ocrx_word' id='word_1_201' title='bbox 239 3115 319 3167; x_wconf 85' lang='lat' dir='ltr'><strong>quem</strong></span> <span class='ocrx_word' id='word_1_202' title='bbox 338 3116 407 3160; x_wconf 79' lang='lat' dir='ltr'><strong>anuo</strong></span> <span class='ocrx_word' id='word_1_203' title='bbox 430 3104 494 3153; x_wconf 80' lang='lat'>1182</span> <span class='ocrx_word' id='word_1_204' title='bbox 513 3102 567 3151; x_wconf 89' lang='lat' dir='ltr'><strong>vita</strong></span> <span class='ocrx_word' id='word_1_205' title='bbox 586 3106 727 3154; x_wconf 82' lang='lat' dir='ltr'><strong>excessisse</strong></span> <span class='ocrx_word' id='word_1_206' title='bbox 749 3111 863 3166; x_wconf 87' lang='lat' dir='ltr'><strong>constat,</strong></span> <span class='ocrx_word' id='word_1_207' title='bbox 881 3103 1002 3154; x_wconf 82' lang='lat' dir='ltr'><strong>Curtium</strong></span> <span class='ocrx_word' id='word_1_208' title='bbox 1019 3107 1115 3169; x_wconf 82' lang='lat' dir='ltr'><strong>allegat</strong></span> 
     </span>
     <span class='ocr_line' id='line_1_28' title="bbox 125 3166 1115 3236; baseline 0.005 -21"><span class='ocrx_word' id='word_1_209' title='bbox 125 3166 153 3215; x_wconf 92' lang='lat' dir='ltr'><strong>in</strong></span> <span class='ocrx_word' id='word_1_210' title='bbox 169 3168 335 3220; x_wconf 85' lang='lat' dir='ltr'><strong>Policratico</strong></span> <span class='ocrx_word' id='word_1_211' title='bbox 353 3169 401 3218; x_wconf 89' lang='lat' dir='ltr'><strong>lib.</strong></span> <span class='ocrx_word' id='word_1_212' title='bbox 420 3170 445 3224; x_wconf 83' lang='lat'><strong>8.</strong></span> <span class='ocrx_word' id='word_1_213' title='bbox 465 3186 525 3236; x_wconf 90' lang='lat' dir='ltr'><strong>cap.</strong></span> <span class='ocrx_word' id='word_1_214' title='bbox 548 3169 587 3224; x_wconf 83' lang='lat'><strong>18.</strong></span> <span class='ocrx_word' id='word_1_215' title='bbox 620 3173 779 3222; x_wconf 84' lang='lat' dir='ltr'><strong>Vincentius</strong></span> <span class='ocrx_word' id='word_1_216' title='bbox 797 3172 993 3222; x_wconf 81' lang='lat' dir='ltr'><strong>Bellovocansis</strong></span> <span class='ocrx_word' id='word_1_217' title='bbox 1009 3171 1055 3236; x_wconf 70' lang='lat' dir='ltr'><strong>lib,</strong></span> <span class='ocrx_word' id='word_1_218' title='bbox 1077 3171 1115 3220; x_wconf 82' lang='lat' dir='ltr'><strong>tv</strong></span> 
     </span>
     <span class='ocr_line' id='line_1_29' title="bbox 125 3236 1114 3307; baseline 0.006 -25"><span class='ocrx_word' id='word_1_219' title='bbox 125 3249 138 3282; x_wconf 86' lang='lat' dir='ltr'><strong>s</strong></span> <span class='ocrx_word' id='word_1_220' title='bbox 160 3238 230 3287; x_wconf 82' lang='lat' dir='ltr'><strong>oculi</strong></span> <span class='ocrx_word' id='word_1_221' title='bbox 251 3236 369 3288; x_wconf 86' lang='lat' dir='ltr'><strong>doctrin.</strong></span> <span class='ocrx_word' id='word_1_222' title='bbox 388 3253 411 3287; x_wconf 91' lang='lat' dir='ltr'><strong>c.</strong></span> <span class='ocrx_word' id='word_1_223' title='bbox 436 3242 495 3294; x_wconf 80' lang='lat'><strong>125.</strong></span> <span class='ocrx_word' id='word_1_224' title='bbox 521 3236 604 3286; x_wconf 84' lang='lat' dir='ltr'><strong>Iacob</strong></span> <span class='ocrx_word' id='word_1_225' title='bbox 629 3237 662 3288; x_wconf 83' lang='lat' dir='ltr'><strong>de</strong></span> <span class='ocrx_word' id='word_1_226' title='bbox 688 3242 817 3300; x_wconf 78' lang='lat' dir='ltr'><strong>Vitrziico,</strong></span> <span class='ocrx_word' id='word_1_227' title='bbox 846 3240 873 3288; x_wconf 90' lang='lat' dir='ltr'><strong>in</strong></span> <span class='ocrx_word' id='word_1_228' title='bbox 891 3239 978 3291; x_wconf 86' lang='lat' dir='ltr'><strong>Gestis</strong></span> <span class='ocrx_word' id='word_1_229' title='bbox 1000 3241 1048 3290; x_wconf 84' lang='lat' dir='ltr'><strong>Dei</strong></span> <span class='ocrx_word' id='word_1_230' title='bbox 1066 3256 1114 3307; x_wconf 84' lang='lat' dir='ltr'><strong>pcr</strong></span> 
     </span>
     <span class='ocr_line' id='line_1_30' title="bbox 148 3304 1114 3374; baseline 0.005 -23"><span class='ocrx_word' id='word_1_231' title='bbox 148 3305 289 3373; x_wconf 82' lang='lat' dir='ltr'><strong>r.p.123a.</strong></span> <span class='ocrx_word' id='word_1_232' title='bbox 305 3304 453 3360; x_wconf 83' lang='lat' dir='ltr'><strong>cs.Fabric.</strong></span> <span class='ocrx_word' id='word_1_233' title='bbox 473 3305 542 3354; x_wconf 87' lang='lat' dir='ltr'><strong>Bibl.</strong></span> <span class='ocrx_word' id='word_1_234' title='bbox 562 3305 645 3360; x_wconf 88' lang='lat' dir='ltr'><strong>Latin.</strong></span> <span class='ocrx_word' id='word_1_235' title='bbox 665 3309 699 3372; x_wconf 87' lang='lat'><strong>11,</strong></span> <span class='ocrx_word' id='word_1_236' title='bbox 716 3306 766 3373; x_wconf 68' lang='grc'><strong>344</strong></span> <span class='ocrx_word' id='word_1_237' title='bbox 785 3307 828 3359; x_wconf 86' lang='lat' dir='ltr'><strong>cd.</strong></span> <span class='ocrx_word' id='word_1_238' title='bbox 845 3309 907 3357; x_wconf 80' lang='lat' dir='ltr'><strong>Ern.</strong></span> <span class='ocrx_word' id='word_1_239' title='bbox 927 3309 1051 3359; x_wconf 85' lang='lat' dir='ltr'><strong>Ceterum</strong></span> <span class='ocrx_word' id='word_1_240' title='bbox 1070 3310 1114 3374; x_wconf 89' lang='lat' dir='ltr'><strong>qui</strong></span> 
     </span>
     <span class='ocr_line' id='line_1_31' title="bbox 125 3369 1113 3487; baseline 0.005 -66"><span class='ocrx_word' id='word_1_241' title='bbox 125 3369 226 3487; x_wconf 50' lang='lat' dir='ltr'><strong>{sctum</strong></span> <span class='ocrx_word' id='word_1_242' title='bbox 244 3373 289 3440; x_wconf 88' lang='lat' dir='ltr'><strong>sit,</strong></span> <span class='ocrx_word' id='word_1_243' title='bbox 308 3381 339 3424; x_wconf 92' lang='lat' dir='ltr'><strong>ut</strong></span> <span class='ocrx_word' id='word_1_244' title='bbox 356 3387 436 3424; x_wconf 87' lang='lat' dir='ltr'><strong>nemo</strong></span> <span class='ocrx_word' id='word_1_245' title='bbox 456 3381 575 3424; x_wconf 82' lang='lat' dir='ltr'><strong>veterum</strong></span> <span class='ocrx_word' id='word_1_246' title='bbox 592 3373 713 3428; x_wconf 89' lang='lat' dir='ltr'><strong>Curtium</strong></span> <span class='ocrx_word' id='word_1_247' title='bbox 736 3375 874 3440; x_wconf 86' lang='lat' dir='ltr'><strong>laudaret,</strong></span> <span class='ocrx_word' id='word_1_248' title='bbox 906 3375 974 3426; x_wconf 79' lang='lat' dir='ltr'><strong>infra</strong></span> <span class='ocrx_word' id='word_1_249' title='bbox 999 3376 1113 3444; x_wconf 85' lang='lat' dir='ltr'><strong>explica·</strong></span> 
     </span>
     <span class='ocr_line' id='line_1_32' title="bbox 146 3449 208 3496; baseline 0.065 -9"><span class='ocrx_word' id='word_1_250' title='bbox 146 3449 208 3496; x_wconf 79' lang='lat' dir='ltr'><strong>itur.</strong></span> 
     </span>
    </p>
   </div>
   <div class='ocr_carea' id='block_1_4' title="bbox 234 3585 240 3612">
    <p class='ocr_par' dir='ltr' id='par_1_4' title="bbox 234 3585 240 3612">
     <span class='ocr_line' id='line_1_33' title="bbox 234 3585 240 3612; baseline 0 0"><span class='ocrx_word' id='word_1_251' title='bbox 234 3585 240 3612; x_wconf 75' lang='lat' dir='ltr'><strong>i</strong></span> 
     </span>
    </p>
   </div>
   <div class='ocr_carea' id='block_1_5' title="bbox 0 0 1322 3860">
    <p class='ocr_par' dir='ltr' id='par_1_5' title="bbox 0 0 1322 3860">
     <span class='ocr_line' id='line_1_34' title="bbox 0 0 1322 3860; baseline 0 1"><span class='ocrx_word' id='word_1_252' title='bbox 0 0 1322 3860; x_wconf 95' lang='lat' dir='ltr'><strong> </strong></span> 
     </span>
    </p>
   </div>
  </div>
 </body>
</html>
