2660 3864
174 379 208 432 aa
547 372 569 428 1,
590 361 808 442 naumain

178 521 294 583 urbem
315 535 420 582 arcem
447 541 498 590 tie,
521 523 554 580 e't
574 518 750 600 pecuniam,
774 537 856 600 quac
877 517 907 576 in
921 537 959 576 ea
980 515 1179 578 custodieba-

175 615 246 675 tur,
274 600 433 664 tradituri.
477 600 603 691 Quibus
627 597 765 679 benigne
786 597 943 677 exceptis,
964 599 1001 655 ad
1023 600 1179 656 llermum

178 679 310 742 lluvium
331 679 559 761 progreditur,
588 677 699 756 viginti
727 677 799 737 l'ere
829 676 936 736 stadiis
967 674 1014 753 uqb
1033 675 1115 736 urbe
1135 677 1181 736 di·

177 772 322 821 stantem.
356 759 403 820 lbi
430 761 541 820 castris
562 757 674 840 positis
698 754 756 836 ¹²),
777 758 944 833 Amyntam
971 755 1180 816 Andromenis

177 838 277 900 lilium
299 839 339 900 ad
361 840 429 901 reci
453 839 576 900 iendam
596 853 702 898 arcem
717 837 903 918 praemittit.
944 839 991 895 Ea
1012 836 1180 916 praecelso

178 921 256 981 loco
275 919 352 996 sita,
378 860 502 980 dulciti
525 917 732 1000 undiquaque
757 915 859 990 aditu,
891 916 1043 976 adversus
1073 935 1181 998 quam-

133 1009 135 1013 ’
179 1020 305 1082 cunque
333 1000 398 1061 vim
426 998 531 1058 teneri
555 1007 724 1078 potuerat,
755 995 875 1057 etiamsi
896 1015 1024 1070 murus,
1050 994 1106 1076 qui
1126 995 1181 1054 tri-

200 1079 254 1140 lici
275 1079 469 1140 munimento
491 1077 583 1136 illam,
598 1076 796 1151 circumibat,
817 1074 981 1139 abluisset.
1023 1076 1113 1156 Ergo
1134 1074 1182 1136 fe·

177 1101 288 1219 licitati
315 1179 390 1218 suae
421 1158 612 1239 gratulatus,
651 1155 736 1239 quod
765 1155 970 1235 amplissimas
999 1174 1051 1214 res
1079 1153 1180 1215 animo

178 1239 361 1300 volventem
383 1259 438 1298 arx
458 1237 666 1297 munitissima
692 1237 788 1319 longa
810 1234 975 1296 obsidione
997 1254 1059 1294 non
1079 1233 1182 1314 impli-

180 1330 301 1392 casset,
332 1317 399 1378 lovi
420 1316 572 1397 Olympio
604 1317 760 1396 templum
791 1314 837 1374 ibi
872 1335 994 1394 ponere
1025 1313 1180 1375 decrevit.

180 1398 326 1480 Cumque
361 1396 497 1459 sollicite
527 1397 804 1477 circumspiceret,
840 1394 966 1478 quinam
1002 1395 1092 1454 locus
1131 1412 1182 1452 ac·

179 1476 345 1570 cipiendae
388 1477 459 1536 aedi
493 1475 628 1536 maxime
671 1487 874 1556 opportunus
919 1473 1025 1549 foret,
1072 1471 1181 1534 conle-

178 1568 251 1616 stim
273 1568 383 1616 exorta
405 1555 577 1617 vehemens
603 1566 778 1635 tempestas,
797 1554 898 1614 multo
922 1553 1025 1614 imbre
1055 1565 1181 1634 partem

180 1635 260 1696 arcis
281 1634 436 1716 perfudit,
457 1633 512 1694 ubi
532 1646 624 1696 vetus
645 1635 807 1713 Lydorum
834 1634 923 1715 regia
944 1632 1064 1694 l'uerat.
1103 1634 1182 1692 Eam

182 1715 291 1796 itaque
320 1715 429 1776 sedem
462 1726 541 1773 nutu
567 1717 713 1775 Deorum
741 1713 894 1774 destinari
921 1713 1074 1786 credens,
1102 1723 1182 1772 tem·

83 1855 100 1880 ‚
179 1795 269 1877 plum
306 1793 351 1854 ibi
387 1793 538 1854 constitui
571 1793 671 1858 iussit.
727 1794 806 1854 Arci
842 1793 957 1854 deinde
997 1792 1183 1853 Pausaniam

182 1895 220 1935 ex
250 1873 424 1934 amicorum
452 1873 588 1936 cohorte
619 1873 807 1955 praeponit,
846 1872 1007 1934 attributis
1043 1872 1183 1955 Argivo-

181 1975 253 2014 rum
281 1953 420 2013 auxiliis:
450 1965 574 2013 ceteras
603 1953 766 2014 sociorum
799 1953 907 2034 copias
942 1975 1014 2014 cum
1044 1952 1119 2012 Cala
1147 1963 1184 2012 et

180 2031 364 2093 Alexandro
397 2031 521 2111 Aeropi
549 2033 616 2093 lllio
657 2033 688 2094 in
729 2033 905 2094 Meumonis
943 2032 1183 2114 praefecturam

182 2111 331 2174 immittit.
374 2111 592 2193 Vectigalibus
621 2112 747 2174 tributis
772 2133 814 2171 ue
843 2113 1030 2193 colligendis
1063 2111 1184 2172 Niciam

184 2191 341 2274 quendam
389 2187 527 2266 raelicit3
557 2190 735 2252 Asandrum
785 2191 902 2253 hilotae
923 2194 1023 2254 lilium
1045 2191 1183 2272 Lydiae,

183 2269 298 2354 quibus
318 2212 432 2331 linibus
454 2269 664 2349 Spithridates
685 2272 849 2337 tenuisset.
891 2275 966 2334 Dati
988 2275 1073 2334 adid
1095 2272 1185 2353 equi-

183 2363 232 2410 tes
254 2371 326 2410 cum
353 2349 509 2430 expeditis
530 2350 735 2431 cohortibus,
760 2365 845 2436 'quot
865 2352 896 2411 in
919 2355 1095 2433 praesentia
1117 2350 1184 2410 sul*-

183 2431 300 2492 l'ccturi
329 2430 530 2512 putabantur.
572 2431 678 2510 Lydos
709 2453 818 2496 omnes
850 2433 913 2492 suis
936 2433 1059 2512 legibus
1080 2431 1184 2490 libere

144 2579 148 2586 ,
184 2512 232 2572 uti
254 2511 414 2592 permisit3
444 2511 570 2596 etquis
598 2511 766 2576 Sardianos
787 2514 927 2588 Dianae,
953 2533 1045 2595 quam
1068 2511 1185 2572 Colo'c'-

182 2613 256 2652 nem
276 2604 392 2651 vocant
416 2589 482 2672 ι3),
504 2592 605 2653 cultui
624 2593 750 2656 deditos
773 2604 979 2674 cognoverat,
999 2593 1083 2652 illius
1105 2603 1185 2650 tem-

183 2671 238 2753 plo
276 2669 324 2730 ius
359 2675 435 2752 asyli
466 2671 663 2758 gratificatus
692 2686 751 2740 est.
799 2673 979 2734 Mithrenen
1007 2667 1184 2734 honorilice

140 2795 146 2802 ,
184 2769 291 2812 secum
321 2749 447 2835 habuit,
480 2767 516 2815 ut
545 2752 612 2814 eius
641 2755 789 2836 exemplo
817 2763 847 2813 et
873 2753 951 2813 alios
971 2754 1010 2814 ad
1031 2754 1185 2836 proditio-

183 2850 255 2891 nem
276 2829 430 2898 illiceret:
452 2831 650 2918 procedente
665 2848 815 2917 tempore
828 2843 860 2892 et
874 2835 1055 2896 Armeniam
1066 2835 1186 2897 homini

184 2911 357 2991 regendam
384 2917 543 2976 commisit
571 2915 627 2994 m).
678 2920 829 2979 Ceterum
858 2915 1002 2995 repertis
1039 2917 1070 2977 in
1110 2937 1185 2978 arce

183 2989 298 3052 libellis
323 2989 391 3075 ¹⁵),
419 2995 451 3056 in
479 2995 594 3079 quibus
627 2997 710 3060 inter
737 3005 849 3076 cetera
870 2998 1067 3087 perscriptae
1095 3008 1186 3061 erant

246 3259 296 3322 sn)
317 3257 421 3310 Arrian.
443 3258 554 3325 1’,6,4.

254 3325 298 3391 13)
318 3326 414 3378 Strabo
433 3330 480 3380 lib.
500 3335 540 3394 13-
559 3329 647 3382 Tacit.
659 3341 685 3396 3,
697 3334 740 3396 63,
759 3327 784 3395 4.

251 3391 294 3458 14)
314 3390 423 3448 Curtius
442 3398 467 3460 5,
485 3399 511 3462 8,
528 3403 554 3454 9.
591 3443 597 3452 ,

254 3461 297 3527 15)
318 3462 425 3514 Curtius
444 3466 468 3528 5,
489 3475 512 3530 t,
530 3464 574 3532 44..
595 3468 700 3520 Arrius.
723 3470 748 3533 3,
767 3471 792 3533 3,
815 3475 855 3534 17.
