2660 3864
370 359 542 419 serrula
562 361 597 435 Q
616 359 776 422 CURTIUM
794 361 825 419 L,
844 359 878 412 11.
1095 357 1144 416 105

130 521 223 593 parte
252 495 344 570 urbis
373 499 449 588 (ipsi
479 505 536 566 'Pri
560 506 633 585 ylon
658 506 829 584 vocabant)
862 506 944 568 duce
974 507 1145 569 Memnone

132 592 211 654 alius
236 589 470 672 oppidanorum
492 528 623 668 globus,
647 609 710 670 qua
731 589 857 649 minime
887 587 1146 670 exspectabatur,

133 671 255 752 erupit:
284 679 456 760 tantusque
487 667 642 732 tumultus
678 667 808 730 incessit
836 668 961 741 castris,
1004 680 1040 727 ut
1074 661 1146 748 ipses

133 750 228 816 etiam
248 769 308 812 rex
324 747 446 808 consilii
461 746 601 806 incertus
624 747 825 810 efficeretur.
858 748 923 807 Sed
945 747 1039 809 animi
1059 768 1144 830 niag÷

132 830 277 896 nitudine
316 839 348 888 et
364 848 404 908 ,o
430 826 575 907 portunis
602 826 743 908 imperiis
772 828 875 891 omnia
896 828 1040 910 pericula
1068 848 1144 908 pro·

133 910 296 992 pulsabat3
330 919 364 971 et
413 919 526 972 ortana
558 906 588 966 in
619 919 766 990 tempore
789 909 947 968 subvenit.
990 907 1092 989 Igitur
1112 921 1147 970 et
1186 981 1191 985 ,

124 990 190 1074 ηιιί
211 988 370 1051 machinas
393 987 620 1063 incenderant,
642 1011 659 1048 a
680 989 919 1063 Macedonibus,
945 987 1001 1072 qui
1022 985 1066 1054 ibi
1089 1008 1143 1048 cu-

134 1070 263 1148 rabant,
292 1068 413 1157 quique
441 1088 458 1126 a
485 1087 564 1148 rege
593 1067 678 1129 missi
705 1068 847 1132 subsidio
869 1080 1041 1143 venerant,
1071 1087 1146 1128 cum

134 1171 246 1232 magna
269 1148 360 1212 clade
381 1147 502 1242 repulsi
516 1160 605 1225 sunt3
629 1161 662 1212 et
677 1153 879 1210 Memnonem
897 1151 1102 1211 Ptolomaeus
1113 1145 1144 1228 ⁷)

138 1229 265 1310 excepit
292 1229 434 1310 Philippi
457 1226 550 1301 lilius,
574 1229 657 1310 regii
678 1230 826 1309 corporis
854 1241 980 1302 custos,
1016 1239 1146 1308 praeter

137 1310 301 1392 propriam
330 1330 456 1368 manum
481 1307 605 1367 Addaei
636 1307 799 1368 'l'imandri
823 1329 864 1368 ue
886 1307 1072 1370 cohortibus
1094 1309 1147 1370 sti·

137 1401 247 1472 patus:
269 1409 371 1472 eaque
388 1399 479 1468 parte
496 1388 629 1469 egregie
644 1331 1013 1462 nicer-trutblace‹1011es,
1063 1409 1148 1448 uam÷

138 1492 233 1554 quam
248 1471 469 1531 Ptolemaeum
485 1465 715 1550 Addaeumque
731 1479 762 1528 et
775 1467 1010 1550 sagittariorum
1033 1409 1148 1528 ducem

140 1549 332 1613 (llearcbum
353 1567 425 1609 cum
447 1546 654 1630 quadraginta
674 1547 778 1608 ferme
805 1547 1053 1627 manipularibus
1075 1546 1150 1606 ami·

139 1633 268 1708 sissent3
291 1642 324 1692 et
349 1628 460 1691 hostes
482 1649 555 1690 cum
574 1639 662 1689 tante
691 1640 742 1694 tre
767 1628 906 1688 inlatione
934 1627 1149 1700 recesserunt,

139 1724 176 1773 ut
204 1723 373 1791 angustum
401 1721 549 1791 pontem,
591 1729 688 1792 quem
722 1649 765 1768 ad
792 1707 909 1769 fossam
940 1707 1155 1788 superandam.

140 1797 401 1865 construxerant,
429 1788 599 1852 multitudo
624 1788 841 1856 festinantium
862 1787 998 1868 ruperit,
1024 1787 1074 1863 iis,
1095 1785 1152 1868 qui

81 1897 87 1906 ¹
141 1881 407 2018 supersteterant,
432 1870 462 1928 in
479 1887 634 1950 praeceps
655 1867 825 1932 devolutis.
866 1869 916 1926 Ex
938 1865 1053 1950 quibus
1075 1887 1151 1928 non·

141 1973 185 2022 ini
200 1951 221 2017 li
242 1971 259 2014 a
280 1951 343 2018 suis
366 1949 545 2015 conculcati
566 1947 757 2009 interierunt
765 1967 774 2023 ;
796 1949 874 2010 alios
897 1945 1090 2009 Macedones
1112 1965 1153 2006 ex

143 2031 316 2114 superiore
338 2032 412 2094 loco
434 2030 506 2090 telis
528 2027 701 2092 confixere.
731 2029 835 2106 Multi,
856 2031 971 2113 quibus
992 2028 1051 2087 ista
1072 2025 1158 2088 calae

144 2113 236 2173 initas
257 2123 468 2206 pepercerat,
493 2110 552 2170 sub
577 2110 645 2192 ipsa
669 2110 757 2172 urbis
778 2126 872 2191 porta
891 2130 1004 2170 necem
1024 2108 1153 2170 invene·

144 2205 234 2262 runt:
265 2213 318 2275 qur
345 2190 384 2272 p'e
412 2193 572 2254 exterritis
602 2192 748 2258 omnibus
777 2190 1077 2270 metuentibusque,
1113 2205 1153 2247 ne

144 2293 206 2335 una
230 2213 420 2339 Macedones
443 2271 671 2352 irrumperent,
692 2285 786 2352 porta
803 2289 1023 2352 praepropere
1046 2267 1154 2330 occlu-

146 2373 179 2412 sa
200 2373 344 2433 magnam
366 2370 385 2409 o
410 2351 600 2430 pidanorum
620 2362 744 2430 partem
767 2351 805 2410 ad
828 2352 959 2414 exitium
981 2347 1067 2408 hosti
1090 2359 1153 2407 tra-

146 2431 234 2499 didit,
277 2434 365 2496 Inter
385 2373 465 2492 iiaec
486 2429 662 2506 Ephialtes,
687 2452 749 2490 non
773 2451 786 2488 s
813 2453 830 2492 e
858 2429 956 2510 magis
982 2449 1076 2508 quiam
1098 2425 1153 2486 de-

146 2512 328 2592 speratione
351 2507 573 2581 l'ormidabilis,
595 2528 666 2568 cum
682 2510 778 2590 regiis
789 2454 956 2572 ierociter'
965 2505 1154 2568 dimicabat:

147 2603 181 2658 ct
203 2590 373 2670 ancipitem
400 2587 532 2648 iecisset
564 2588 747 2664 victoriam,
781 2592 813 2651 ni
841 2584 1058 2656 laborantibus
1087 2586 1152 2648 suis

147 2670 291 2731 seniores
318 2667 528 2730 Macedonum
559 2681 686 2743 maturo
714 2672 957 2731 succurrissent.
997 2669 1023 2730 li
1058 2661 1088 2738 ὅ)
1124 2665 1156 2724 in

149 2750 259 2814 castris
294 2747 493 2816 habebantur
520 2749 674 2814 immunes
696 2769 833 2830 operum
859 2747 1157 2832 periculorumque,

148 2830 208 2900 nisi
230 2829 284 2900 ubi
305 2831 475 2912 necessitas
499 2831 653 2914 exigeret,
676 2850 747 2890 cnm
765 2830 928 2914 stipendiis
941 2827 1156 2913 praemiisque

149 2910 352 2976 nihilominus
382 2909 639 2992 perfruerentur.
684 2911 869 2973 Meruerant
895 2931 967 2972 eum
1000 2909 1157 2972 honorem

150 2991 291 3052 fortibus
319 2990 424 3061 iactis,
455 3003 488 3050 et
518 2991 576 3050 sub
606 2991 828 3072 superioribus
862 2990 993 3071 regibus
1020 2991 1157 3070 ipsoque

151 3073 335 3144 Alexandro
370 3071 494 3144 bellicis
521 3070 683 3143 laboribus
718 3085 822 3146 aetate
852 3084 970 3142 exacta.
1015 3071 1057 3148 li,
1084 3085 1157 3129 cum

58 3250 73 3276 ῃ,
154 3249 339 3277 ·---·.

2 3096 54 3468 b
224 3373 251 3441 ς)
265 3372 379 3434 ,Arriam
400 3387 419 3432 1,
438 3369 463 3431 5,
486 3380 527 3426 12.
541 3353 599 3434 ibt,
617 3366 657 3427 181

225 3444 252 3513 8)
271 3442 446 3506 Diodes-17,
465 3452 507 3503 ²7·
