2660 3864
287 394 298 409 ⁸
385 373 503 430 SUPPL.
520 373 557 428 ln
575 375 608 444 Q.
633 374 788 428 cuurluu
806 377 835 426 L.
854 377 888 429 Η.
1109 385 1142 437 et

130 519 297 598 inciderat,
318 519 432 584 tulum
451 518 537 582 haud
560 515 683 582 intulit:
707 531 863 603 ceterum,
883 545 901 586 a
920 523 1090 588 Rhoeaace
1110 539 1144 588 et
1224 583 1234 590 ,

132 599 339 682 Spithridate,
360 600 542 662 fortissimis
564 601 698 680 ducum,
722 603 816 665 simul
836 604 1011 685 impetitus,
1037 618 1142 666 extre·

131 701 219 740 mum
247 680 417 741 discrimen
445 681 531 747 adiit.
570 683 658 741 Dum
685 683 780 761 enim,
811 684 921 745 lancea
949 687 981 744 in
1010 685 1143 748 thorace

135 758 340 840 Spithridatis
363 759 528 821 confracta
544 773 758 846 conatumque
782 763 987 841 destituente,
1004 767 1144 848 gladium
1202 772 1204 777 ’

134 838 277 922 stringit:
298 839 402 900 frater
421 840 506 900 illius
526 862 543 900 a
567 841 670 902 latere
702 843 887 926 adequitans
918 845 1076 905 acinacem
1098 845 1144 904 iu-

135 929 230 980 cauto
250 918 405 1001 impingit,
430 931 517 981 tanto
538 919 620 997 nisu,
639 933 676 980 ut
696 922 824 982 cristam
845 924 956 1016 galeae
979 935 1011 984 et
1036 925 1145 1005 pinria-

134 1019 206 1058 rum
227 997 360 1059 alteram
385 1000 565 1079 decuteret,
593 1000 743 1084 aciesque
767 1002 864 1083 gladii
891 1023 1031 1065 suminus
1058 1003 1144 1098 regis

135 1077 267 1158 capillos
287 1079 531 1162 perstringeret.
576 1081 706 1163 lamque
737 1081 877 1162 repetito
898 1082 975 1158 ictu,
998 1104 1060 1166 qua
1082 1083 1143 1142 ‹hs-

135 1176 225 1216 cussa
247 1158 487 1220 cassissnudum
508 1171 604 1240 capnt
633 1161 840 1238 ostendebat,
865 1161 1063 1223 descendere
1091 1183 1167 1243 pa-.

134 1235 240 1312 rabat3
261 1256 338 1298 cum·
356 1239 448 1299 illum
481 1239 583 1299 Clitus
613 1232 643 1316 9)
670 1259 752 1300 occu
777 1253 825 1316 at,
847 1241 903 1322 qui
924 1241 1143 1302 animadverso

135 1315 222 1396 regis
244 1318 391 1398 periculo
416 1317 532 1378 amenti
546 1315 656 1377 similis
679 1263 896 1396 advoiaverat,
917 1322 1147 1400 interceptum·

135 1414 200 1478 que
222 1395 354 1458 barbari
374 1395 538 1456 brachium
570 1416 642 1456 cum
663 1397 734 1478 ipso
755 1399 862 1480 gladio
887 1399 1003 1459 delicit.
1046 1399 1147 1458 Simul

135 1473 311 1538 Alexandri
345 1484 421 1536 ense
455 1474 666 1557 Spithridates
701 1477 862 1538 occubuit.
906 1477 1012 1540 Nihilo
1041 1490 1147 1538 tamen

137 1555 270 1636 segnius
290 1575 327 1614 re
352 1555 511 1650 ngnabant
521 1556 642 1616 Persae
667 1557 731 1636 ¹⁰):
757 1557 859 1618 donec
873 1557 1005 1618 interitu
1018 1557 1148 1634 ducum,

137 1653 276 1718 quorum
300 1575 384 1714 pheri
407 1655 448 1694 ue
471 1635 533 1694 iam
559 1633 760 1714 ceciderant,
792 1637 1003 1714 consternati,
1025 1646 1058 1697 et
1074 1637 1148 1719 quia
1227 1659 1230 1667 ¹

136 1715 199 1774 iam
222 1713 317 1774 etiam
337 1657 473 1794 phbllanx
488 1715 699 1775 Macedonum
713 1715 881 1777 transierat
897 1736 1030 1791 amnem,
1044 1734 1146 1799 equos
1238 1718 1242 1726 '

136 1795 170 1854 in
192 1791 302 1873 fugam
323 1805 521 1860 averterunt.
555 1796 602 1853 Ne
627 1814 668 1854 ue
689 1794 848 1877 pedestris
875 1797 956 1858 acies
978 1797 1032 1855 diu
1056 1793 1148 1855 resti-

136 1874 191 1934 tit:
209 1873 385 1955 equitatum
406 1893 500 1934 snum
525 1872 565 1932 ad
591 1815 804 1936 obterendum
833 1875 960 1936 hostem
989 1875 1063 1935 satis
1098 1894 1149 1934 sn·

137 1971 266 2036 perque
294 1953 434 2014 validum
464 1953 625 2032 arbitrati,
651 1954 759 2094 potius
781 1953 821 2014 de
842 1955 972 2036 praeda,
993 1975 1086 2038 quam
1107 1953 1148 2014 de

110 2105 114 2113 Ι
138 2031 330 2109 discrimine,
344 2032 538 2116 cogitabant.
556 2033 603 2094 lta
618 2053 655 2094 su
677 2033 723 2094 ito
740 2046 859 2098 eventu
872 2034 1148 2116 deprehensorum

138 2112 254 2174 caedes
273 2113 383 2196 magis,
396 2133 500 2198 quam
520 2114 700 2195 proelium,
721 2111 797 2177 fuit.
831 2115 1021 2176 Mercenarii
1042 2126 1149 2174 tamen

142 2191 201 2270 ²¹),
222 2191 338 2275 quibus
361 2193 497 2254 Omares
518 2206 684 2275 praeerat,
706 2206 862 2274 occupato
907 2193 1025 2256 nodam
1045 2205 1150 2252 tumu-

138 2270 173 2333 lo
197 2284 327 2334 strenue
351 2293 386 2334 se
406 2273 597 2350 tuebantur,
625 2274 699 2356 quia
727 2217 962 2336 conditionibus
990 2274 1021 2331 iu
1054 2271 1150 2331 iidem

137 2363 291 2414 venturos
311 2352 366 2412 ille
387 2373 451 2414 non
471 2364 651 2431 receperat.
695 2354 785 2433 Ergo
808 2353 1018 2413 Macedonum
1039 2351 1149 2430 plures

137 2429 171 2490 iu
190 2449 230 2492 eo
252 2428 404 2492 conflictu
424 2427 598 2490 desiderati
618 2440 706 2504 sunt,
735 2450 831 2511 quam
859 2430 1002 2521 equestri
1022 2428 1148 2521 proelio

4 2525 5 2530 ’
106 2577 108 2580 ,
140 2509 344 2570 ceciderantt
368 2510 438 2588 ipsc
460 2525 591 2590 qnoque
612 2525 682 2581 rex,
706 2507 782 2569 dum
801 2510 885 2569 inter
901 2529 1030 2602 ,primos
1051 2527 1150 2588 impo-

139 2601 209 2648 tum
228 2587 261 2646 iu
283 2607 343 2671 eos
369 2587 462 2662 lacit,
489 2596 553 2646 tam
581 2585 782 2679 propinquus
812 2587 985 2649 discrimini
1006 2586 1087 2663 luit,
1114 2597 1152 2646 ut
1195 2651 1200 2674 ἱ

141 2685 271 2748 equum,
289 2666 344 2745 bui
364 2678 432 2727 tum
452 2665 627 2742 insidebat,
648 2677 714 2726 ictu
735 2665 832 2748 gladii
877 2689 913 2728 er
933 2668 1015 2736 latus
1037 2668 1149 2728 adacto
1200 2679 1211 2706 ·‚

141 2741 325 2806 confossum
347 2747 498 2812 amiserit.
540 2745 667 2833 Quibus
689 2745 788 2807 rebus
818 2767 858 2810 ve
884 2759 1026 2808 amenter
1046 2747 1150 2808 irrita·

4 2811 5 2816 ἵ
102 2901 105 2906 ¹
141 2836 203 2902 tus,
225 2825 368 2910 equitatu
392 2826 487 2888 simul
508 2835 540 2886 ct
561 2825 717 2909 phalange
746 2827 969 2890 circumdatos
986 2827 1151 2889 occidione

141 2903 272 2984 occidit,
293 2907 437 2988 exceptis
462 2903 508 2988 ¹²)
539 2905 669 2970 duobus
690 2907 767 2968 l'cre
788 2906 948 2985 millibus,
967 2907 1022 2990 qui
1041 2908 1075 2968 'in
1096 2908 1151 2966 de-

149 3068 340 3086 w

229 3184 247 3234 9
279 3167 387 3222 Curtius
404 3173 431 3234 8,
452 3175 477 3234 1,
499 3171 542 3225 41.
565 3167 670 3220 Arriam
689 3165 714 3234 i,
732 3173 759 3234 2,
777 3168 802 3221 8.

212 3243 244 3298 10
273 3237 389 3302 Diodor,
409 3243 451 3302 17,
468 3243 510 3294 21.
543 3237 681 3288 Plutarch.
700 3253 724 3288 c.
744 3239 786 3290 sb.

214 3321 240 3354 ιι
275 3305 380 3356 Arrian.
403 3313 426 3370 1,
446 3313 472 3369 5,
491 3305 533 3354 25.
551 3303 688 3357 Plutarch.
709 3322 733 3356 c.
757 3310 798 3363 πᾶ,
1005 3325 1009 3334 f

101 3427 104 3432 ,
205 3375 246 3488 han
275 3370 781 3498 Argiau.1,5,2dc125.a‚a,37.
818 3367 1152 3434 Diodor.1o‚tl.1>lu·

145 3445 203 3490 larc
225 3476 230 3489 .
250 3457 274 3490 c.
293 3457 334 3495 a.
1135 3493 1138 3496 .

186 3531 302 3582 Curtius.
936 3532 954 3586 0
