2660 3864
378 357 498 414 serre.
522 357 560 410 us
579 357 612 424 Q.
632 341 835 432 coartent.
853 357 888 410 n.
1094 365 1129 419 93

122 505 273 574 babebat.
319 504 385 566 Sed
416 499 463 587 ¹⁷)
491 501 708 567 cumdolore
736 506 849 590 iraque
875 505 995 566 incensi
1021 501 1129 569 hostes

122 587 275 650 machinis
304 585 438 647 admotis
475 605 620 645 marnam
636 605 813 646 murorum
869 597 969 646 artem
997 585 1130 648 deiecis-

123 679 205 744 sent,
226 667 353 750 iamque
379 666 412 725 in
440 631 591 747 oppidum
626 666 784 747 irrupturi
814 606 1016 742 viderentur,
1055 685 1129 727 con·

123 746 306 829 spretisque
327 747 359 806 in
382 757 483 827 portu
504 743 715 806 Macedonum
735 745 921 806 triremibus
942 765 1045 808 novus
1066 757 1131 807 ter-

122 849 179 890 ror
206 827 391 908 ingrueret,
417 846 500 906 pars
530 823 576 905 ¹⁸)
605 826 701 884 scutis
732 825 917 886 incubantes
944 825 974 888 in
998 845 1130 908 parvam

122 907 257 968 insulam
277 905 351 966 urbi
373 905 574 968 obiacentem
599 917 816 973 enataverunt,
838 905 890 965 alii
912 906 1035 988 scaphis
1056 925 1131 968 con-

123 986 253 1062 scensis,
277 1005 348 1046 cum
370 986 455 1046 idem
474 986 676 1060 molirentur,
696 984 729 1044 in
752 985 822 1068 ipso
843 997 959 1066 portus
981 986 1070 1046 aditu
1090 986 1129 1046 ab

122 1067 262 1128 hostium
287 1065 419 1148 navigiis
440 1064 611 1145 intercepti
631 1076 713 1128 sunt.
741 1065 933 1138 Alexander,
957 1067 1077 1149 oppido
1098 1067 1131 1126 in

123 1157 317 1227 potestatem
339 1146 484 1222 redacto,
506 1157 617 1206 contra
639 1164 711 1218 eos,
737 1145 793 1228 qui
813 1145 947 1206 insulam
969 1145 1131 1220 tenebant,

123 1245 219 1286 naves
249 1225 395 1307 expediri
422 1225 530 1300 iussit,
558 1222 671 1306 quibus
699 1225 866 1306 impositae
896 1227 1002 1306 proris
1028 1225 1130 1286 scalae
1223 1267 1229 1274 -

22 1327 26 1334 ·
123 1300 332 1378 ferebantur,
368 1315 404 1364 ut
432 1304 464 1364 in
492 1305 661 1385 abruptam
691 1303 813 1364 insulae
844 1325 951 1381 oram,
986 1307 1075 1366 velut
1100 1305 1132 1366 in

123 1405 233 1446 muros
260 1383 384 1444 hostilis
414 1384 543 1464 oppidi,
578 1381 820 1442 transcenderet
844 1384 946 1443 miles.
990 1386 1032 1443 At
1058 1403 1132 1443 cum

123 1465 340 1525 mercenarios
377 1463 537 1540 Graecos,
564 1462 619 1545 qui
647 1480 687 1520 eo
715 1462 945 1545 conlegerunt,
986 1465 1130 1546 quamvis

123 1542 208 1602 haud
229 1544 339 1624 plures
359 1543 512 1602 trecentis
536 1553 652 1616 essent,
673 1540 784 1602 ultima
804 1542 872 1624 pati
897 1555 1026 1623 paratos
1058 1563 1132 1605 ron·

123 1622 283 1704 spiceret,
309 1622 457 1682 misertus
482 1623 624 1683 virorum
645 1619 779 1681 sortium
803 1634 836 1682 et
863 1623 918 1705 qui
937 1641 999 1704 pro
1017 1619 1079 1682 fide
1100 1623 1131 1681 in

125 1721 193 1776 eos,
215 1701 367 1784 aquibus
389 1701 539 1762 conducti
559 1711 659 1773 eraut,
679 1699 765 1759 haud
785 1702 900 1782 procul
923 1703 1019 1762 exitio
1042 1702 1132 1762 abes·

125 1791 207 1852 sent,
227 1780 266 1840 iis
289 1781 453 1863 pepercit,
480 1793 513 1840 et
534 1801 644 1842 secum
669 1779 806 1840 militare
831 1781 929 1840 iussit.
971 1782 1132 1842 Barbaros

124 1861 157 1920 in
184 1859 266 1920 urbe
291 1859 509 1940 deprehensos
534 1861 573 1920 vin
601 1859 788 1919 servitutem
815 1861 961 1944 redegit:
990 1862 1132 1938 Milesiis,

124 1939 180 2022 qui
204 1941 432 2021 superfuerant
455 1936 517 2020 ¹9),
539 1940 721 2002 libertatem
741 1940 898 2015 restituit,
921 1941 964 2002 ob
986 1953 1131 2002 veterem

124 2019 215 2080 urbis
236 2021 380 2103 gloriam.
406 2023 542 2080 Tantum
564 2020 648 2081 enim
669 2019 839 2102 aliquando
854 2020 901 2101 ²⁰)
924 2021 1039 2102 opibus
1062 2023 1133 2105 glo·

124 2099 236 2182 risque
265 2101 393 2161 Miletus
418 2099 588 2175 lloruerat,
626 2111 663 2159 ut
689 2119 749 2180 per
777 2101 880 2161 vicina
907 2101 1006 2161 maria
1037 2121 1133 2182 supra

124 2181 324 2316 septuaginta
346 2181 487 2243 colonias
508 2179 699 2254 deduxerit,
724 2181 831 2241 multis
852 2201 985 2264 quoque
1010 2183 1132 2242 civibus

124 2278 168 2318 no
192 2259 259 2335 ilis,
282 2261 337 2343 qui
360 2260 391 2319 in
413 2260 508 2321 sacris
529 2258 753 2322 certaminibus
774 2261 910 2341 palmam
940 2261 1047 2340 adepti
1078 2262 1132 2339 pa·

124 2337 208 2398 triae
231 2341 453 2400 celebritatem
484 2349 651 2399 auxerant:
681 2359 753 2398 nam
784 2339 941 2400 eiusmodi
968 2341 1134 2415 victoriae,

125 2437 216 2478 more
241 2420 379 2500 quodam
401 2418 615 2491 Graecorum,
643 2416 727 2475 inter
747 2418 850 2500 prima
869 2417 995 2478 virtutis
1016 2417 1134 2478 decora

126 2510 298 2557 censentur
313 2497 373 2568 ²¹).
395 2497 429 2554 ln
451 2515 547 2578 quem
568 2495 690 2555 iocatus
710 2495 902 2570 Alexander,
923 2517 1035 2578 magna
1055 2497 1135 2557 rnul-

126 2575 262 2636 titudine
287 2577 461 2636 statuarum
484 2585 667 2656 conspecta,
687 2572 743 2636 ubi
765 2587 855 2637 erant
878 2575 1012 2635 istorum
1033 2576 1135 2638 lacer·

125 2654 162 2728 ti,
182 2653 294 2735 inquit,
321 2673 393 2714 cum
416 2655 588 2716 Persarum
609 2654 717 2738 iugum
732 2652 922 2736 recepistis?
944 2657 1064 2738 quippe
1086 2656 1136 2718 vir

127 2744 286 2810 strenuus,
309 2745 343 2794 et
363 2735 403 2794 ad
423 2733 562 2797 bellandi
577 2753 670 2794 usum
693 2747 805 2796 cuncte
825 2735 982 2813 referens,
1002 2737 1135 2818 ignomi-

127 2811 253 2874 niosum
276 2813 425 2895 ducebat,
445 2815 589 2877 debitum
610 2814 702 2876 seriis
727 2814 950 2878 certaminibus
970 2815 1073 2878 robur
1094 2815 1135 2879 ad

134 2975 323 2990 ..ιι-ᾑ-

196 3100 226 3160 17
263 3094 370 3146 Curtius
388 3094 414 3158 8,
433 3109 459 3159 2,
478 3095 502 3144 8.
521 3095 626 3148 Arriae.
645 3093 671 3162 l,
687 3103 714 3164 2,
734 3100 775 3154 12.

198 3169 229 3218 is
261 3163 365 3214 Antan.
386 3170 410 3227 1,
429 3164 455 3227 s,
475 3164 516 3214 23.

196 3237 228 3296 19
260 3231 496 3296 Diodor.17,as.

197 3314 231 3351 no
262 3299 361 3350 Strabo
379 3300 427 3351 lib.
449 3303 488 3365 14.
523 3301 626 3351 Plinius
648 3315 673 3366 1,
701 3315 744 3368 29,
771 3305 812 3357 15.
849 3300 951 3352 Seneca
976 3301 1080 3352 consol.
1099 3297 1135 3350 ul

128 3365 246 3416 Helviam
265 3368 291 3432 6,
312 3365 350 3432 14.
683 3407 694 3421 .

195 3433 241 3503 rr)
259 3438 369 3488 Lucian.
388 3435 421 3487 de
441 3437 589 3503 gymnasiis.
608 3433 744 3488 Plutarch.
763 3434 947 3506 spopbtliegg.
965 3452 991 3486 c.
1008 3449 1051 3501 37.
