2660 3864
387 361 502 415 suern.
522 361 560 414 m
576 360 611 431 Q.
631 357 788 416 cunrmu
805 361 835 414 ι.
854 360 875 411 1.
1100 365 1134 418 ss

134 513 249 573 minori
272 501 435 589 facilitate,
460 531 553 597 quam
573 512 715 586 iunxere,
736 508 866 574 violant
907 509 986 568 Nam
1008 516 1041 567 et
1061 523 1141 568 cunr

126 593 286 674 ¹Philippo
311 593 428 655 foedus
449 594 523 675 ipsis
545 603 620 652 este
638 590 726 674 quod
746 609 840 674 quam
864 599 972 648 sancte
993 597 1134 663 servent,

133 693 172 734 re
201 673 269 754 ipsa
297 673 466 738 declarant.
508 675 575 733 Nec
611 673 693 734 enim
721 691 782 752 pro
810 688 845 730 se
871 667 968 729 iidem
996 667 1135 728 violasse

140 754 216 813 satis
237 752 365 828 habent,
385 753 444 814 nisi
460 774 521 834 per
543 753 628 834 ipsos
649 751 743 812 latius
767 760 875 830 serpat
897 749 956 809 ista
978 746 1134 829 contagio.
1145 747 1181 806 tt

136 833 253 894 Vestra
275 845 379 894 autem
401 832 565 909 costantia,
586 830 740 907 Thebani,
762 849 825 913 qua
835 849 898 889 non
912 828 1024 903 minus,
1040 847 1135 910 quam

138 912 237 974 rebus
261 913 393 974 fortiter
414 914 620 996 feliciterque
642 911 756 995 gestis,
783 911 888 1048 magni
919 907 1061 1001 clarique
1081 907 1136 967 ha·

68 1055 74 1064 ,
128 993 263 1070 bomini,
284 1013 347 1054 non
368 994 440 1054 sinit
459 993 646 1076 ambigere,
679 991 755 1075 quin
782 1012 835 1050 mu
850 991 889 1050 tis
911 987 1136 1070 experimentis

104 1115 107 1125 ·
138 1074 297 1168 cognitam
318 1075 403 1214 regis
427 1075 594 1134 amicitiam
614 1093 743 1154 semper
770 1069 905 1132 infestae
926 1069 1135 1150 aemulaeque

135 1153 255 1214 civrtsti
286 1154 461 1235 praeaturi
501 1155 579 1220 sitis.
619 1157 743 1236 -Neque
783 1170 865 1214 vero
906 1161 1164 1215 avenuncarort

126 1234 291 1294 *malorum
311 1235 471 1296 Hercules
496 1235 620 1309 siverit,
640 1245 677 1294 ut
697 1249 794 1316 quem
817 1230 997 1314 indigenam
1019 1229 1171 1297 ‘civem-x

136 1333 199 1396 que
221 1316 327 1374 Deum
348 1316 523 1396 praecipua
543 1315 701 1396 religione
723 1312 838 1388 colitis,
860 1313 928 1372 eius
952 1309 1137 1386 sanguinem

137 1392 235 1487 impio
268 1393 449 1478 iniustoque
474 1393 562 1456 bello
597 1391 843 1474 persequamini.
890 1393 970 1451 Nam
1009 1391 1137 1452 ceteros

135 1473 269 1557 quidem
298 1474 402 1535 socios
429 1491 524 1557 quam
551 1473 705 1535 amicitiae
733 1471 841 1554 regiae
869 1491 934 1531 non
962 1469 1137 1552 poeniteat,

140 1573 181 1614 en
201 1553 277 1634 ipsis
299 1574 358 1614 vos
378 1554 461 1615 malo
483 1573 691 1636 cognoscere.
730 1551 820 1612 Haec
846 1550 981 1632 Python.
1023 1549 1137 1611 Auditi

135 1633 209 1693 dein
230 1633 392 1693 sociorum
407 1634 514 1716 legati,
527 1635 652 1716 prolixe
673 1631 893 1694 commendato
915 1631 999 1714 regis
1022 1629 1156 1706 animog

131 1711 332 1792 petiverunt,
353 1723 390 1773 ut
409 1714 513 1807 ipsum
560 1715 643 1776 otius
665 1713 820 1774 Graeciae
842 1712 1020 1792 vindicem,
1042 1731 1136 1799 quam

134 1791 376 1874 perturbatorel
400 1814 467 1854 erus
491 1736 713 1867 Atdenienses,
736 1805 959 1876 sequerentur.

216 1871 270 1938 Vt
294 1876 337 1935 At
358 1874 604 1954 Demosthenes,
623 1874 706 1936 facta
724 1873 850 1936 dicendi
872 1883 1042 1956 potestate,
1065 1875 1137 1934 Non

135 1951 339 2036 ignorabam,
362 1955 483 2049 inquit,
518 1957 608 2018 istos·
622 1955 764 2051 rhilippi
793 1953 1006 2016 mercenarios
1031 1971 1137 2038 neque

30 2053 35 2066 “
136 2033 281 2094 laudibus
301 2035 333 2094 in
359 2055 481 2116 ipsum,
506 2057 612 2121 neque
641 2059 673 2097 m
700 2057 756 2098 eos
780 2035 942 2112 conviciis,
965 2053 1037 2095 esse
1057 2045 1137 2094 tem·

137 2127 320 2194 paraturos.
357 2117 435 2176 Nam
456 2117 512 2201 qui
532 2117 692 2200 pudorem
714 2127 967 2194 consumserunt,
990 2114 1068 2198 quid
1087 2115 1137 2176 lo·

138 2207 275 2277 quantur
296 2207 350 2256 aut
372 2196 490 2259 faciant
515 2219 630 2280 parum
656 2197 747 2292 gensi
770 2195 899 2268 habent,
921 2196 997 2257 dum
1022 2194 1137 2277 cupitis
1152 2213 1191 2258 x

135 2275 319 2354 potiantur..
331 2276 397 2336 Sed
416 2277 465 2337 illi
485 2278 627 2362 quidem,
648 2277 777 2340 sibene
799 2290 857 2340 vos
877 2277 962 2353 nori,
983 2273 1137 2351 Thebani,

137 2375 195 2435 spe
214 2375 272 2415 sua
297 2375 376 2440 egre
401 2357 429 2416 'e
458 2354 542 2434 falsi,
572 2358 701 2440 dignum
725 2359 846 2420 virtute
869 2369 976 2420 restra
996 2356 1137 2420 Graeco-

135 2451 272 2516 rumque
302 2437 384 2497 mcri
407 2455 444 2495 us
477 2436 667 2516 responsum
690 2435 729 2496 ad
749 2436 957 2497 Macedonem
976 2434 1137 2495 referent:

139 2533 198 2574 vos
227 2526 334 2574 autem
361 2513 401 2574 ad
428 2534 480 2591 ea,
506 2533 588 2598 quae
615 2533 697 2574 nunc
727 2515 849 2594 agenda
878 2525 967 2592 sunt,
1000 2513 1137 2576 animum

138 2591 309 2671 diligenter
330 2593 498 2654 advertite.
531 2595 610 2654 Nam
628 2605 813 2655 vestrorum
837 2613 967 2680 quoque
991 2592 1137 2676 negotio·

139 2693 213 2730 rum
230 2691 386 2731 summam
406 2693 490 2735 nunc
511 2674 571 2756 agi,
591 2673 667 2756 ipsis
687 2693 797 2735 rerum
818 2673 1010 2758 argumentis
1032 2684 1136 2748 osten·
1226 2711 1227 2726 t

139 2749 261 2827 demus,
280 2772 344 2814 non
365 2753 539 2816 verborum
580 2754 751 2838 raestigiis,
772 2755 886 2839 quibus
904 2755 953 2816 isti
973 2754 1081 2818 vereri
1101 2773 1136 2816 se
1151 2777 1173 2822 x

142 2830 252 2891 dicunt
271 2851 312 2892 ne
333 2833 505 2914 capiamini.
570 2836 611 2898 ed
680 2836 762 2898 ando
791 2837 837 2898 sio
858 2855 919 2919 pro
951 2834 1042 2898 vohis
1062 2846 1137 2898 sunt

141 2909 279 2990 solliciti,
298 2925 417 3006 ponant
439 2928 575 2980 metum:
608 2917 639 2978 n‘
666 2917 672 2930 '
708 2915 874 2996 faciemus,
894 2931 959 3002 quo
982 2915 1035 2980 elo
1059 2933 1137 2976 uen-

139 2991 239 3053 tiores
276 2992 448 3056 videamur.
490 2998 604 3058 Malam
639 2998 831 3082 quandoque
863 3017 988 3058 causam
1017 2937 1138 3059 adiuvit

138 3071 299 3135 facundia:
319 3072 376 3134 ubi
388 3075 504 3140 nudam
516 3078 683 3140 veritatem
696 3078 834 3160 spectari
845 3077 978 3139 dicentis
994 3077 1136 3152 interest,

138 3153 239 3214 verba
264 3174 359 3216 nemo
389 3155 528 3237 prudens
557 3159 717 3241 appendit.
758 3161 827 3220 Neo
854 3158 895 3219 de
924 3157 1072 3241 Philippo
1085 3157 1136 3217 'la-

139 3231 305 3294 boramusz
337 3234 377 3295 sit
404 3256 478 3297 sane
509 3257 569 3318 per
595 3257 671 3316 nos,
703 3239 829 3323 qualem
856 3237 910 3299 isti
929 3235 1068 3332 lingunt:
1097 3237 1137 3299 sit

141 3313 235 3374 etiam
258 3313 403 3395 pulcher,
426 3315 589 3401 eloquens,
610 3329 707 3403 atque
727 3319 808 3380 adeo
820 3319 852 3378 in
868 3318 1021 3382 conviviis
1042 3319 1137 3380 etiam

143 3391 262 3460 hilaris.
300 3397 380 3456 Nam
414 3408 448 3458 et
475 3397 547 3458 hinc
582 3418 655 3460 eum
689 3399 953 3462 commendavere
993 3397 1135 3483 quidemr

139 3471 218 3534 adeo
251 3475 372 3536 inanem
403 3497 500 3541 verae
533 3477 655 3561 gloriae
682 3476 890 3545 fatebantur.'
921 3480 1073 3542 Ceterum
1092 3478 1138 3544 le·
