2636 3860
170 326 290 398 xxxu
504 275 547 394 in
569 353 598 412 q.
620 349 739 392 cuseio
762 349 848 392 noro

173 491 349 554 steritntem
365 505 553 574 perpetuam
568 491 694 552 eiusdem
706 489 820 551 domus
837 491 982 572 exoptari
994 501 1027 552 et
1042 509 1175 572 exspem

170 594 234 654 teri
251 593 415 676 potuisse,
446 607 651 656 cumcontra
674 615 738 656 vox
761 592 1176 656 eiusdemiudomumdu·
1229 635 1233 640 -

172 696 266 779 gusti,
279 695 369 756 cuius
383 697 661 778 imperium,nullis
674 697 872 772 aemulorum
887 694 1054 758 discordiis
1066 696 1178 758 turbas
1240 710 1242 714 ’

171 797 251 875 tum,
271 795 483 859 firmissimum
497 809 604 878 staret,
625 799 784 884 quadrare
803 820 867 861 non
881 809 1000 881 posset.
1023 795 1066 860 of.
1086 801 1175 866 Pon·
1206 841 1210 848 ·

168 921 223 977 ger
243 921 278 982 p.
304 917 373 961 roe.
841 921 843 926 ·
1106 909 1110 916 '

250 1004 285 1083 ὁ)
312 1001 417 1064 Etiam
445 1021 528 1088 quae
556 994 683 1069 Curtius
712 1004 814 1083 tvm,
848 1005 888 1067 de
917 1007 1004 1084 Tyro
1035 1001 1174 1085 profert,

172 1105 286 1167 melius
295 1103 480 1186 Vespasiani
493 1109 705 1190 temporibus,
721 1129 815 1192 quam
831 1105 978 1189 Augusti,
993 1105 1174 1168 convenire.

176 1253 180 1257 -
238 1209 336 1269 .Nam
358 1227 444 1270 anno
459 1214 499 1292 69
520 1209 651 1272 Vitellio
676 1211 797 1288 occiso,
817 1207 999 1291 insequenti
1014 1229 1094 1270 anuo
1115 1227 1175 1291 per

176 1310 284 1372 Titum
305 1307 394 1371 bello
414 1310 445 1372 in
467 1308 644 1378 Palaestina
659 1315 758 1392 finito,
781 1332 853 1374 cum
874 1309 988 1372 exinde
1009 1322 1079 1374 toto
1101 1310 1173 1374 fers

174 1410 254 1474 orbe
275 1412 440 1490 Itomnnc,
465 1401 609 1499 exceptis
630 1409 804 1479 Galliarum
825 1413 947 1490 turbis,
969 1411 1073 1473 omnia
1093 1431 1172 1494 paee

171 1527 460 1596 componerentur,
483 1518 510 1579 si
531 1519 677 1580 Curtium
699 1529 814 1582 octavo
836 1517 965 1580 circiter
989 1513 1174 1596 Vespasiani

171 1616 368 1699 principatus
396 1639 477 1680 anno
502 1620 670 1702 scripsisse
699 1626 892 1698 statuamus,
922 1616 1000 1679 nihil
1033 1613 1173 1693 obstare,

173 1740 239 1801 quo
260 1720 362 1780 minus
377 1721 430 1782 ille
445 1723 552 1807 Tyrum
567 1724 692 1785 diceret
704 1724 791 1799 longa
802 1743 876 1804 poce
897 1732 1002 1780 cuncte
1022 1718 1174 1797 refovente
1208 1793 1214 1800 Ν
1310 1752 1314 1760 ·

171 1819 223 1881 eud
246 1819 341 1881 tutela
361 1821 514 1885 Romanae
535 1826 764 1886 mensuetudinis
779 1831 961 1906 acquiescere
983 1817 1041 1901 25).
1068 1843 1076 1850 ·

252 1923 384 1986 Restant
398 1930 526 1987 ceterae
546 1928 691 1989 virorum
712 1927 882 1988 doctorum
903 1925 944 1984 de
970 1923 1072 1986 Curtii
1092 1943 1172 1992 aevo

174 2023 396 2105 coniecturae,
430 2047 564 2111 quarum
586 2035 723 2113 quatuor
743 2037 923 2090 memoratu
944 2020 1106 2110 digniores
1126 2028 1171 2092 ri·

172 2127 300 2187 deutur.

173 2267 177 2273 -
252 2227 303 2290 Ad
326 2228 487 2292 Traianum
508 2235 678 2298 enimcum
701 2233 805 2298 refert
824 2232 1006 2296 Iolnlsece⁴
1019 2234 1174 2295 Pantanus

172 2327 297 2391 duabus
317 2329 356 2390 nd
379 2333 528 2396 Vossium
550 2339 710 2420 epistolis,
732 2348 907 2422 propteroa
927 2333 1013 2418 quod
1042 2335 1171 2400 Curtius

171 2431 256 2495 diest
285 2434 326 2496 de
356 2438 421 2500 snis
451 2436 667 2522 temporibus,
694 2462 751 2502 uon
775 2447 953 2503 revirescere
981 2437 1089 2518 selom,
1117 2437 1178 2500 sed

170 2599 351 2612 *-

225 2694 270 2764 ²5)
294 2697 452 2764 Pinzgerus,
479 2702 523 2769 qui
547 2703 575 2752 in
594 2704 754 2771 explicando
773 2705 859 2755 Curtii
876 2705 939 2754 loce
959 2706 985 2754 et
1003 2697 1104 2751 tuende
1125 2717 1171 2752 se·

172 2777 235 2816 mm
260 2767 408 2828 sententia,
435 2769 480 2835 qui
504 2768 628 2819 Curtium
646 2787 707 2820 cuns
726 2772 888 2840 Vespasiano
908 2771 1088 2835 coniungunt,
1107 2783 1172 2838 par·

173 2839 215 2882 tes
235 2848 294 2882 suas
317 2835 422 2898 egregie
447 2836 514 2901 egit,
545 2837 581 2885 ita
604 2846 693 2887 certus
720 2847 758 2890 est
776 2841 810 2890 do
830 2837 881 2889 hac
898 2839 970 2888 omui
990 2851 1035 2900 ro,
1052 2844 1083 2886 ut
1099 2840 1173 2888 ultre

173 2899 208 2950 de
230 2917 260 2950 ea
284 2897 400 2960 dubitari
426 2915 505 2968 posse
525 2911 611 2969 neget.
637 2905 766 2958 Utnthoc
786 2913 834 2971 est,
853 2921 914 2956 cum
933 2907 989 2974 ipse
1006 2921 1055 2969 ego
1076 2903 1173 2956 horum

173 2982 332 3032 senteutiam
352 2983 515 3050 amplectar,
536 2996 570 3033 ne
587 2967 775 3045 ἀσύμβολος
798 2977 942 3032 decessisse
962 2981 1065 3040 videor,
1088 2993 1171 3030 unnim

174 3055 319 3105 alterumve
347 3054 437 3104 locum
458 3070 472 3104 e
491 3057 610 3104 veterum
628 3055 733 3122 seriptis
754 3057 882 3116 excitem,
899 3055 932 3106 ab
952 3056 1025 3116 aliis,
1043 3063 1173 3122 quantum

173 3123 246 3184 scic,
265 3137 320 3172 non
338 3119 447 3182 allatos,
465 3121 562 3188 quibus
581 3120 647 3173 hoec
665 3125 794 3174 sententia
812 3121 911 3173 firmari
930 3122 1045 3172 videtur.
1083 3122 1171 3175 Tacit.

172 3189 274 3245 Hister.
302 3190 325 3252 1,
354 3195 393 3242 11.
420 3190 473 3237 Hic
489 3187 550 3255 suit
577 3205 668 3240 rerum
691 3191 876 3240 Romanorum
896 3201 1003 3248 status,
1028 3203 1091 3239 cum
1111 3188 1170 3237 Ser.

174 3257 262 3308 Galba
288 3261 395 3315 iterum,
415 3255 494 3306 Titus
524 3256 638 3317 Vinius,
658 3259 799 3318 Cometen,
818 3258 976 3310 irtohoavete
995 3273 1095 3306 arantem
1117 3255 1174 3306 sibi

174 3326 312 3388 ultimum,
342 3323 514 3393 Reipublicae
536 3341 650 3394 prope
670 3343 879 3394 capreorum.
899 3355 930 3365 -
950 3323 1058 3374 (hosius
1078 3323 1170 3374 histor.

173 3395 298 3459 v11‚2o.
318 3393 384 3444 1αηὶ
398 3403 512 3461 portus,
532 3409 601 3460 pteris
623 3405 718 3444 utrum
736 3405 798 3463 post
820 3393 1012 3461 Vespasianum
1032 3402 1056 3441 et
1076 3391 1171 3442 Titum
