2660 3864
171 338 204 392 62
273 409 280 418 Ι
527 321 812 392 tractnsutmt·
891 331 902 376 Ἰ

172 478 347 573 legationes
374 483 553 552 smmum,
585 472 794 556 gratulatum,
827 472 916 562 quod
933 473 1101 536 :consectis
1136 494 1174 536 ex

173 558 266 621 animi
303 555 461 619 sententia
500 553 677 618 barbaricis
710 544 822 632 bellis,
852 553 946 615 etiam
974 553 1174 616 Graecorum

197 635 375 700 uorundam
419 633 619 698 insolentiam
650 643 697 694 et
731 633 945 696 temeritatem
981 633 1174 717 castigasset.

173 660 329 784 decades,
352 715 407 800 qui
427 713 585 776 Thebanis
606 713 723 776 auxilio
745 711 846 774 futuri
868 731 907 775 se.
926 728 1175 790 commoverant,

153 802 154 807 ’
173 795 271 859 duces
294 791 356 873 ²⁷),
380 813 519 878 quorum
539 793 690 854 instinctu
713 792 752 854 ad
774 813 849 855 eum
868 791 1014 860 furorem
1034 794 1176 877 prolapsi

173 887 311 950 essent,
339 875 451 968 eapitis
481 893 515 936 se
543 873 805 952 condemnatione
834 872 1051 953 exponebant:
1093 875 1175 950 Elei,

84 962 92 978 '
175 955 338 1019 exsulibus
363 975 427 1016 surs
448 952 589 1016 reditum
610 953 819 1028 concessisse,
841 972 904 1012 non
931 951 1093 1032 abaliud,
1117 955 1175 1016 nisi

176 1035 264 1118 quod
284 1033 467 1096 Alexandro
489 1052 581 1093 caros
603 1033 809 1113 accepissent.
852 1033 896 1092 Et
918 1033 1025 1094 Aetoli
1042 1053 1176 1097 excusa-

172 1111 300 1190 verunt,
324 1113 411 1198 quod
435 1111 579 1172 intentis
604 1111 756 1172 Graeciae
784 1111 887 1173 turbis
924 1113 1069 1194 ipsorum
1097 1137 1175 1199 quo,

174 1215 236 1278 que
254 1212 344 1275 ,gens
374 1212 533 1256 novorum
566 1191 774 1254 consiliorum
810 1211 926 1273 expers
959 1213 1022 1254 non
1049 1193 1174 1260 suisset.

173 1277 377 1356 Megarenses
406 1272 479 1334 novi
512 1272 639 1354 generis
670 1271 793 1333 honore
811 1272 914 1332 'risum
939 1273 1030 1354 regi,
1054 1275 1174 1358 quique

174 1353 257 1414 circa
286 1373 361 1414 curn
395 1363 503 1426 erant,
530 1363 786 1427 commoverant,
815 1351 999 1414 referentes
1028 1352 1094 1434 ²⁸),
1134 1356 1174 1417 ob

91 1476 93 1480 .
172 1433 312 1494 studium
338 1445 371 1494 et
390 1428 546 1494 beneficia
565 1430 737 1492 Alexandri
765 1431 795 1491 in
818 1431 960 1494 Graecos
980 1436 1174 1516 Megarensis

196 1512 285 1593 opuli
305 1513 385 1574 seito
409 1509 570 1574 civitatem
591 1510 637 1570 illi
661 1511 822 1571 decretam
842 1530 931 1574 asse:
961 1513 1063 1576 donce
1086 1515 1175 1576 intel-

172 1534 268 1665 iecm,
290 1591 407 1653 nemini
427 1590 466 1652 ad
489 1611 562 1652 eum
584 1589 686 1668 diem,
708 1603 845 1670 excepto
870 1593 1029 1668 Hercule,
1059 1594 1092 1654 id
1120 1595 1176 1655 ho*

172 1671 260 1732 noris
280 1670 441 1747 habitum,
464 1671 567 1731 laetus
588 1670 724 1752 accepit.
748 1671 872 1731 Ceteris
897 1673 1080 1766 respondit,
1101 1675 1176 1734 nihil
1217 1695 1222 1700 ·

174 1751 235 1826 sibi
263 1750 371 1834 quiete
396 1762 430 1811 et
457 1750 674 1812 incolumitate
706 1749 861 1811 Graeciae
898 1753 1054 1834 antiquius
1089 1775 1175 1815 esse:

172 1830 270 1893 modo
301 1831 332 1893 in
361 1843 530 1912 posterum
556 1831 647 1892 novis
675 1829 773 1890 rebus
796 1829 1001 1908 abstinerent,
1043 1835 1175 1894 raeteri-

173 1923 281 1972 torum
319 1911 442 1972 veniam
478 1908 573 1969 facile
602 1909 805 1970 concedere.
864 1910 986 1972 Verum
1008 1853 1175 1990 §partanis

150 2051 155 2064 x
172 1989 307 2053 maxime
316 1987 455 2062 diffisus,
476 1987 640 2048 Philiadae
656 1987 777 2047 liberos
793 1988 970 2064 Messenen,
991 1992 1076 2050 unde
1091 1992 1175 2070 pulsi

172 2069 310 2147 fuerant,
328 2067 489 2130 restituit:
512 2067 667 2126 Pellenen
681 2064 884 2126 Achaeorum
896 2064 1055 2127 Chaeroni
1077 2069 1175 2130 tradi·

174 2148 236 2210 dit:
265 2149 433 2228 Sicyonem
459 2146 583 2228 aliaque
604 2143 820 2224 Peloponnesi
852 2144 970 2284 oppida
995 2165 1056 2228 per
1078 2150 1175 2210 elien*

172 2239 222 2293 tes
251 2247 330 2290 suos
360 2225 490 2299 habuit,
532 2225 587 2306 qui
621 2223 754 2286 consilia
777 2225 863 2284 Lace
888 2229 1106 2288 aemoniornm
1136 2251 1176 2290 ex

194 2308 355 2390 ropinquo
372 2304 625 2385 specularentur.
649 2307 711 2365 Tot
731 2297 781 2376 ²9)
801 2303 959 2387 tantisque
983 2307 1082 2369 rebus
1101 2331 1175 2392 pers

172 2329 314 2450 boiendis
342 2384 436 2466 pauci
465 2403 589 2444 menses
620 2383 842 2448 sulil'eeerunt:
886 2383 968 2446 intra
1004 2409 1084 2481 quos
1111 2403 1175 2450 tarn

172 2485 271 2549 grave
288 2476 396 2548 >atque
425 2463 590 2544 multiplex
617 2464 737 2524 bellum
765 2463 899 2526 leviore.
912 2478 1043 2548 negotio
1066 2469 1174 2530 conte

172 2546 225 2621 cit,
247 2566 342 2636 quam
362 2544 440 2606 alius
458 2545 739 2627 paravissenlpse
760 2545 888 2628 quidem
911 2564 980 2605 eam
1007 2547 1172 2609 victoriam

172 2624 328 2690 celeritati
350 2621 398 2696 ³⁰)
424 2645 459 2685 se
483 2624 607 2686 debere
635 2623 820 2701 confossus,
847 2624 1073 2706 interroganti,
1093 2647 1173 2712 quo-¹

171 2725 243 2764 nam
263 2704 396 2766 maxime
417 2703 514 2765 modo
541 2704 708 2766 Graeciam
736 2702 938 2786 subegisset?
966 2706 1051 2766 Nihil
1078 2727 1172 2769 eunc-

114 2810 125 2824 ,
171 2785 281 2863 tando,
301 2785 477 2866 respondit.

237 3052 268 3102 27
302 3037 406 3102 Arrian.
428 3045 452 3103 t,
473 3049 497 3101 3,
518 3050 559 3102 27.

236 3107 280 3174 αθ)
300 3103 437 3154 Plutarch.
464 3105 498 3154 de
526 3101 664 3154 monarclr.
696 3119 722 3153 c.
749 3107 775 3158 2.
814 3101 916 3154 Seneca
942 3101 975 3154 de
1000 3103 1115 3155 benetie.
1149 3113 1171 3170 t,

175 3187 214 3240 ¹3·
232 3175 280 3224 ubi
298 3190 321 3221 v.
340 3171 627 3238 Ruhkopl3··Demestl1.
650 3171 684 3222 de
703 3170 780 3220 Alex.
798 3169 871 3222 foed.
889 3171 1001 3222 Pausan.
1021 3170 1065 3222 fin.
1085 3173 1132 3222 lib.
1148 3189 1171 3238 7.

240 3258 274 3308 29
304 3241 406 3308 Capell.
427 3241 453 3288 in
473 3240 531 3290 hist.
551 3255 626 3291 sacra
650 3247 677 3290 et
696 3240 808 3289 exotica.

240 3325 273 3376 30
304 3307 413 3359 Homeri
435 3307 527 3359 Schol.
547 3307 623 3360 lliad.
648 3298 688 3378 β’,
