<?xml version="1.0" encoding="UTF-8"?>
<!DOCTYPE html PUBLIC "-//W3C//DTD XHTML 1.0 Transitional//EN"
    "http://www.w3.org/TR/xhtml1/DTD/xhtml1-transitional.dtd">
<html xmlns="http://www.w3.org/1999/xhtml" xml:lang="en" lang="en">
 <head>
  <title>
</title>
<meta http-equiv="Content-Type" content="text/html;charset=utf-8" />
  <meta name='ocr-system' content='tesseract 3.04.00' />
  <meta name='ocr-capabilities' content='ocr_page ocr_carea ocr_par ocr_line ocrx_word'/>
</head>
<body>
  <div class='ocr_page' id='page_1' title='image "./degestisalexand01baumgoog_0100.png"; bbox 0 0 2660 3864; ppageno 0'>
   <div class='ocr_carea' id='block_1_1' title="bbox 195 366 820 428">
    <p class='ocr_par' dir='ltr' id='par_1_1' title="bbox 195 366 820 428">
     <span class='ocr_line' id='line_1_1' title="bbox 195 366 820 428; baseline 0 -6"><span class='ocrx_word' id='word_1_1' title='bbox 195 371 228 428; x_wconf 83' lang='lat'><strong>36</strong></span> <span class='ocrx_word' id='word_1_2' title='bbox 562 368 585 420; x_wconf 91' lang='lat'><strong>1.</strong></span> <span class='ocrx_word' id='word_1_3' title='bbox 602 366 820 422; x_wconf 70' lang='lat' dir='ltr'><strong>contusum</strong></span> 
     </span>
    </p>
   </div>
   <div class='ocr_carea' id='block_1_2' title="bbox 149 513 1320 2846">
    <p class='ocr_par' dir='ltr' id='par_1_2' title="bbox 149 513 1320 2846">
     <span class='ocr_line' id='line_1_2' title="bbox 193 513 1186 602; baseline -0.002 -22"><span class='ocrx_word' id='word_1_4' title='bbox 193 518 281 580; x_wconf 80' lang='lat' dir='ltr'><strong>mult.</strong></span> <span class='ocrx_word' id='word_1_5' title='bbox 322 519 391 580; x_wconf 89' lang='lat' dir='ltr'><strong>Nee</strong></span> <span class='ocrx_word' id='word_1_6' title='bbox 411 513 443 597; x_wconf 77' lang='lat'><strong>⁶)</strong></span> <span class='ocrx_word' id='word_1_7' title='bbox 465 515 629 602; x_wconf 82' lang='lat' dir='ltr'><strong>quisquam</strong></span> <span class='ocrx_word' id='word_1_8' title='bbox 649 526 717 578; x_wconf 86' lang='lat' dir='ltr'><strong>tota</strong></span> <span class='ocrx_word' id='word_1_9' title='bbox 737 515 889 594; x_wconf 82' lang='lat' dir='ltr'><strong>Graecia,</strong></span> <span class='ocrx_word' id='word_1_10' title='bbox 912 527 1043 599; x_wconf 86' lang='lat' dir='ltr'><strong>praeter</strong></span> <span class='ocrx_word' id='word_1_11' title='bbox 1062 514 1186 599; x_wconf 83' lang='lat' dir='ltr'><strong>Sparta·</strong></span> 
     </span>
     <span class='ocr_line' id='line_1_3' title="bbox 193 597 1187 692; baseline -0.002 -32"><span class='ocrx_word' id='word_1_12' title='bbox 193 621 251 660; x_wconf 89' lang='lat' dir='ltr'><strong>nos</strong></span> <span class='ocrx_word' id='word_1_13' title='bbox 272 610 303 660; x_wconf 84' lang='lat' dir='ltr'><strong>et</strong></span> <span class='ocrx_word' id='word_1_14' title='bbox 323 597 479 676; x_wconf 77' lang='lat' dir='ltr'><strong>Arcades,</strong></span> <span class='ocrx_word' id='word_1_15' title='bbox 495 597 716 660; x_wconf 87' lang='lat' dir='ltr'><strong>dominationis</strong></span> <span class='ocrx_word' id='word_1_16' title='bbox 736 598 803 658; x_wconf 85' lang='lat' dir='ltr'><strong>eius</strong></span> <span class='ocrx_word' id='word_1_17' title='bbox 825 617 941 692; x_wconf 83' lang='lat' dir='ltr'><strong>expers</strong></span> <span class='ocrx_word' id='word_1_18' title='bbox 959 597 1086 659; x_wconf 83' lang='lat' dir='ltr'><strong>mansit:</strong></span> <span class='ocrx_word' id='word_1_19' title='bbox 1110 598 1187 659; x_wconf 86' lang='lat' dir='ltr'><strong>alios</strong></span> 
     </span>
     <span class='ocr_line' id='line_1_4' title="bbox 193 676 1187 761; baseline -0.002 -20"><span class='ocrx_word' id='word_1_20' title='bbox 193 680 298 755; x_wconf 90' lang='lat' dir='ltr'><strong>armis,</strong></span> <span class='ocrx_word' id='word_1_21' title='bbox 322 679 399 739; x_wconf 88' lang='lat' dir='ltr'><strong>alios</strong></span> <span class='ocrx_word' id='word_1_22' title='bbox 429 678 544 761; x_wconf 87' lang='lat' dir='ltr'><strong>impari</strong></span> <span class='ocrx_word' id='word_1_23' title='bbox 572 678 725 740; x_wconf 90' lang='lat' dir='ltr'><strong>societate</strong></span> <span class='ocrx_word' id='word_1_24' title='bbox 759 679 900 758; x_wconf 91' lang='lat' dir='ltr'><strong>imperus</strong></span> <span class='ocrx_word' id='word_1_25' title='bbox 934 677 1010 740; x_wconf 88' lang='lat' dir='ltr'><strong>suis·</strong></span> <span class='ocrx_word' id='word_1_26' title='bbox 1033 676 1187 740; x_wconf 82' lang='lat' dir='ltr'><strong>obnoxios</strong></span> 
     </span>
     <span class='ocr_line' id='line_1_5' title="bbox 192 754 1187 838; baseline -0.003 -18"><span class='ocrx_word' id='word_1_27' title='bbox 192 760 340 820; x_wconf 84' lang='lat' dir='ltr'><strong>habebat.</strong></span> <span class='ocrx_word' id='word_1_28' title='bbox 357 761 369 818; x_wconf 92' lang='lat'>1</span> <span class='ocrx_word' id='word_1_29' title='bbox 392 759 456 820; x_wconf 91' lang='lat' dir='ltr'><strong>itur</strong></span> <span class='ocrx_word' id='word_1_30' title='bbox 476 771 636 821; x_wconf 84' lang='lat' dir='ltr'><strong>conventu</strong></span> <span class='ocrx_word' id='word_1_31' title='bbox 654 758 752 820; x_wconf 88' lang='lat' dir='ltr'><strong>totius</strong></span> <span class='ocrx_word' id='word_1_32' title='bbox 773 757 929 826; x_wconf 80' lang='lat' dir='ltr'><strong>Graeciae</strong></span> <span class='ocrx_word' id='word_1_33' title='bbox 945 754 977 838; x_wconf 86' lang='lat'><strong>⁷)</strong></span> <span class='ocrx_word' id='word_1_34' title='bbox 1000 757 1187 821; x_wconf 72' lang='lat' dir='ltr'><strong>Corinthum</strong></span> 
     </span>
     <span class='ocr_line' id='line_1_6' title="bbox 192 781 1188 918; baseline -0.002 -16"><span class='ocrx_word' id='word_1_35' title='bbox 192 840 331 918; x_wconf 87' lang='lat' dir='ltr'><strong>indicto,</strong></span> <span class='ocrx_word' id='word_1_36' title='bbox 364 781 512 901; x_wconf 71' lang='lat' dir='ltr'><strong>debello</strong></span> <span class='ocrx_word' id='word_1_37' title='bbox 534 839 639 900; x_wconf 89' lang='lat' dir='ltr'><strong>Persis</strong></span> <span class='ocrx_word' id='word_1_38' title='bbox 667 838 835 900; x_wconf 83' lang='lat' dir='ltr'><strong>inferendo</strong></span> <span class='ocrx_word' id='word_1_39' title='bbox 862 839 1022 900; x_wconf 84' lang='lat' dir='ltr'><strong>disseruit.</strong></span> <span class='ocrx_word' id='word_1_40' title='bbox 1051 837 1188 900; x_wconf 86' lang='lat' dir='ltr'><strong>Obviam</strong></span> 
     </span>
     <span class='ocr_line' id='line_1_7' title="bbox 194 917 1188 1001; baseline -0.003 -20"><span class='ocrx_word' id='word_1_41' title='bbox 194 920 334 981; x_wconf 90' lang='lat' dir='ltr'><strong>eundum</strong></span> <span class='ocrx_word' id='word_1_42' title='bbox 358 940 428 980; x_wconf 90' lang='lat' dir='ltr'><strong>esse</strong></span> <span class='ocrx_word' id='word_1_43' title='bbox 448 919 610 996; x_wconf 87' lang='lat' dir='ltr'><strong>barbaris,</strong></span> <span class='ocrx_word' id='word_1_44' title='bbox 628 919 797 1001; x_wconf 77' lang='lat' dir='ltr'><strong>imperium</strong></span> <span class='ocrx_word' id='word_1_45' title='bbox 821 919 908 982; x_wconf 86' lang='lat' dir='ltr'><strong>orbis</strong></span> <span class='ocrx_word' id='word_1_46' title='bbox 928 917 1053 980; x_wconf 87' lang='lat' dir='ltr'><strong>immani</strong></span> <span class='ocrx_word' id='word_1_47' title='bbox 1076 940 1188 1001; x_wconf 91' lang='lat' dir='ltr'><strong>super-</strong></span> 
     </span>
     <span class='ocr_line' id='line_1_8' title="bbox 194 999 1188 1096; baseline -0.001 -36"><span class='ocrx_word' id='word_1_48' title='bbox 194 1001 245 1060; x_wconf 90' lang='lat' dir='ltr'><strong>bia</strong></span> <span class='ocrx_word' id='word_1_49' title='bbox 260 1001 324 1062; x_wconf 86' lang='lat' dir='ltr'><strong>&#39;sibi</strong></span> <span class='ocrx_word' id='word_1_50' title='bbox 347 999 588 1061; x_wconf 83' lang='lat' dir='ltr'><strong>destinantibus:</strong></span> <span class='ocrx_word' id='word_1_51' title='bbox 617 1012 671 1060; x_wconf 89' lang='lat' dir='ltr'><strong>aut</strong></span> <span class='ocrx_word' id='word_1_52' title='bbox 695 999 874 1080; x_wconf 87' lang='lat' dir='ltr'><strong>parendum</strong></span> <span class='ocrx_word' id='word_1_53' title='bbox 894 1020 1030 1096; x_wconf 88' lang='lat' dir='ltr'><strong>semper,</strong></span> <span class='ocrx_word' id='word_1_54' title='bbox 1050 1011 1105 1060; x_wconf 90' lang='lat' dir='ltr'><strong>aut</strong></span> <span class='ocrx_word' id='word_1_55' title='bbox 1124 1022 1188 1060; x_wconf 85' lang='lat' dir='ltr'><strong>ma-</strong></span> 
     </span>
     <span class='ocr_line' id='line_1_9' title="bbox 193 1065 1189 1164; baseline -0.004 -22"><span class='ocrx_word' id='word_1_56' title='bbox 193 1091 265 1142; x_wconf 88' lang='lat' dir='ltr'><strong>ture</strong></span> <span class='ocrx_word' id='word_1_57' title='bbox 286 1080 498 1142; x_wconf 89' lang='lat' dir='ltr'><strong>resistendum</strong></span> <span class='ocrx_word' id='word_1_58' title='bbox 519 1099 597 1142; x_wconf 84' lang='lat' dir='ltr'><strong>esse·</strong></span> <span class='ocrx_word' id='word_1_59' title='bbox 621 1065 706 1144; x_wconf 70' lang='lat' dir='ltr'><strong>‘Nec</strong></span> <span class='ocrx_word' id='word_1_60' title='bbox 727 1080 812 1146; x_wconf 88' lang='lat' dir='ltr'><strong>euim</strong></span> <span class='ocrx_word' id='word_1_61' title='bbox 830 1080 894 1144; x_wconf 88' lang='lat' dir='ltr'><strong>boc</strong></span> <span class='ocrx_word' id='word_1_62' title='bbox 917 1101 984 1164; x_wconf 79' lang='lat' dir='ltr'><strong>agr,</strong></span> <span class='ocrx_word' id='word_1_63' title='bbox 1006 1081 1125 1145; x_wconf 91' lang='lat' dir='ltr'><strong>bellum</strong></span> <span class='ocrx_word' id='word_1_64' title='bbox 1150 1101 1189 1139; x_wconf 87' lang='lat' dir='ltr'><strong>an</strong></span> 
     </span>
     <span class='ocr_line' id='line_1_10' title="bbox 193 1160 1188 1244; baseline 0 -24"><span class='ocrx_word' id='word_1_65' title='bbox 193 1181 305 1242; x_wconf 87' lang='lat' dir='ltr'><strong>pacem</strong></span> <span class='ocrx_word' id='word_1_66' title='bbox 324 1161 462 1221; x_wconf 84' lang='lat' dir='ltr'><strong>habeant</strong></span> <span class='ocrx_word' id='word_1_67' title='bbox 489 1160 621 1239; x_wconf 82' lang='lat' dir='ltr'><strong>Graeci3</strong></span> <span class='ocrx_word' id='word_1_68' title='bbox 655 1160 713 1221; x_wconf 88' lang='lat' dir='ltr'><strong>sed</strong></span> <span class='ocrx_word' id='word_1_69' title='bbox 743 1173 851 1226; x_wconf 83' lang='lat' dir='ltr'><strong>utrum</strong></span> <span class='ocrx_word' id='word_1_70' title='bbox 879 1161 911 1222; x_wconf 93' lang='lat' dir='ltr'><strong>in</strong></span> <span class='ocrx_word' id='word_1_71' title='bbox 932 1161 1064 1224; x_wconf 84' lang='lat' dir='ltr'><strong>hostiles</strong></span> <span class='ocrx_word' id='word_1_72' title='bbox 1094 1181 1188 1244; x_wconf 80' lang='lat' dir='ltr'><strong>agros</strong></span> 
     </span>
     <span class='ocr_line' id='line_1_11' title="bbox 193 1241 1284 1324; baseline -0.002 -22"><span class='ocrx_word' id='word_1_73' title='bbox 193 1241 227 1302; x_wconf 93' lang='lat' dir='ltr'><strong>id</strong></span> <span class='ocrx_word' id='word_1_74' title='bbox 246 1242 422 1302; x_wconf 84' lang='lat' dir='ltr'><strong>transferre</strong></span> <span class='ocrx_word' id='word_1_75' title='bbox 444 1241 571 1315; x_wconf 80' lang='lat' dir='ltr'><strong>malint,</strong></span> <span class='ocrx_word' id='word_1_76' title='bbox 604 1263 643 1302; x_wconf 88' lang='lat' dir='ltr'><strong>an</strong></span> <span class='ocrx_word' id='word_1_77' title='bbox 665 1241 751 1302; x_wconf 93' lang='lat' dir='ltr'><strong>domi</strong></span> <span class='ocrx_word' id='word_1_78' title='bbox 772 1243 932 1324; x_wconf 89' lang='lat' dir='ltr'><strong>accipere.</strong></span> <span class='ocrx_word' id='word_1_79' title='bbox 969 1244 1042 1304; x_wconf 90' lang='lat' dir='ltr'><strong>Nou</strong></span> <span class='ocrx_word' id='word_1_80' title='bbox 1061 1252 1189 1304; x_wconf 79' lang='lat' dir='ltr'><strong>vetares</strong></span> <span class='ocrx_word' id='word_1_81' title='bbox 1261 1280 1284 1291; x_wconf 78' lang='lat'><em>-</em></span> 
     </span>
     <span class='ocr_line' id='line_1_12' title="bbox 192 1320 1253 1405; baseline -0.001 -24"><span class='ocrx_word' id='word_1_82' title='bbox 192 1333 315 1382; x_wconf 88' lang='lat' dir='ltr'><strong>tantum</strong></span> <span class='ocrx_word' id='word_1_83' title='bbox 335 1321 463 1382; x_wconf 80' lang='lat' dir='ltr'><strong>iniurias</strong></span> <span class='ocrx_word' id='word_1_84' title='bbox 490 1320 691 1382; x_wconf 85' lang='lat' dir='ltr'><strong>vindicandas</strong></span> <span class='ocrx_word' id='word_1_85' title='bbox 711 1342 799 1398; x_wconf 85' lang='lat' dir='ltr'><strong>esse3</strong></span> <span class='ocrx_word' id='word_1_86' title='bbox 826 1321 884 1388; x_wconf 85' lang='lat' dir='ltr'><strong>sed</strong></span> <span class='ocrx_word' id='word_1_87' title='bbox 909 1343 1062 1405; x_wconf 82' lang='lat' dir='ltr'><strong>praesens</strong></span> <span class='ocrx_word' id='word_1_88' title='bbox 1091 1321 1188 1382; x_wconf 87' lang='lat' dir='ltr'><strong>dede·</strong></span> <span class='ocrx_word' id='word_1_89' title='bbox 1244 1353 1253 1365; x_wconf 85' lang='lat'><strong>·</strong></span> 
     </span>
     <span class='ocr_line' id='line_1_13' title="bbox 194 1401 1239 1484; baseline -0.004 -22"><span class='ocrx_word' id='word_1_90' title='bbox 194 1422 249 1462; x_wconf 87' lang='lat' dir='ltr'><strong>eus</strong></span> <span class='ocrx_word' id='word_1_91' title='bbox 272 1401 500 1476; x_wconf 87' lang='lat' dir='ltr'><strong>amoliendum,</strong></span> <span class='ocrx_word' id='word_1_92' title='bbox 522 1401 640 1484; x_wconf 88' lang='lat' dir='ltr'><strong>ereptis</strong></span> <span class='ocrx_word' id='word_1_93' title='bbox 661 1421 702 1462; x_wconf 83' lang='lat' dir='ltr'><strong>ex</strong></span> <span class='ocrx_word' id='word_1_94' title='bbox 720 1403 892 1466; x_wconf 79' lang='lat' dir='ltr'><strong>Persarum</strong></span> <span class='ocrx_word' id='word_1_95' title='bbox 913 1405 1068 1466; x_wconf 76' lang='lat' dir='ltr'><strong>servitute</strong></span> <span class='ocrx_word' id='word_1_96' title='bbox 1090 1403 1189 1462; x_wconf 88' lang='lat' dir='ltr'><strong>Grae·</strong></span> <span class='ocrx_word' id='word_1_97' title='bbox 1228 1444 1239 1458; x_wconf 86' lang='lat'><strong><em>.</em></strong></span> 
     </span>
     <span class='ocr_line' id='line_1_14' title="bbox 194 1482 1209 1559; baseline -0.003 -15"><span class='ocrx_word' id='word_1_98' title='bbox 194 1483 239 1544; x_wconf 87' lang='lat' dir='ltr'><strong>cis</strong></span> <span class='ocrx_word' id='word_1_99' title='bbox 261 1482 450 1559; x_wconf 89' lang='lat' dir='ltr'><strong>civitatibus,</strong></span> <span class='ocrx_word' id='word_1_100' title='bbox 494 1503 554 1542; x_wconf 88' lang='lat' dir='ltr'><strong>uae</strong></span> <span class='ocrx_word' id='word_1_101' title='bbox 574 1482 680 1542; x_wconf 85' lang='lat' dir='ltr'><strong>Asiam</strong></span> <span class='ocrx_word' id='word_1_102' title='bbox 701 1483 887 1546; x_wconf 89' lang='lat' dir='ltr'><strong>incolerent.</strong></span> <span class='ocrx_word' id='word_1_103' title='bbox 925 1483 1209 1544; x_wconf 86' lang='lat' dir='ltr'><strong>Commodissime&#39;</strong></span> 
     </span>
     <span class='ocr_line' id='line_1_15' title="bbox 193 1502 1237 1657; baseline 0.001 -33.983"><span class='ocrx_word' id='word_1_104' title='bbox 193 1564 227 1624; x_wconf 92' lang='lat' dir='ltr'><strong>id</strong></span> <span class='ocrx_word' id='word_1_105' title='bbox 248 1564 321 1623; x_wconf 88' lang='lat' dir='ltr'><strong>fieri</strong></span> <span class='ocrx_word' id='word_1_106' title='bbox 341 1583 452 1657; x_wconf 86' lang='lat' dir='ltr'><strong>posse,</strong></span> <span class='ocrx_word' id='word_1_107' title='bbox 472 1502 549 1622; x_wconf 75' lang='lat' dir='ltr'><strong>dum</strong></span> <span class='ocrx_word' id='word_1_108' title='bbox 570 1563 754 1656; x_wconf 87' lang='lat' dir='ltr'><strong>compositis</strong></span> <span class='ocrx_word' id='word_1_109' title='bbox 781 1564 813 1624; x_wconf 94' lang='lat' dir='ltr'><strong>in</strong></span> <span class='ocrx_word' id='word_1_110' title='bbox 840 1564 975 1624; x_wconf 84' lang='lat' dir='ltr'><strong>Graecia</strong></span> <span class='ocrx_word' id='word_1_111' title='bbox 995 1563 1109 1646; x_wconf 76' lang='lat' dir='ltr'><strong>rebus,</strong></span> <span class='ocrx_word' id='word_1_112' title='bbox 1122 1563 1189 1626; x_wconf 89' lang='lat' dir='ltr'><strong>uni·</strong></span> <span class='ocrx_word' id='word_1_113' title='bbox 1232 1617 1237 1624; x_wconf 87' lang='lat'>.</span> 
     </span>
     <span class='ocr_line' id='line_1_16' title="bbox 149 1643 1187 1720; baseline -0.001 -16"><span class='ocrx_word' id='word_1_114' title='bbox 149 1661 302 1720; x_wconf 63' lang='lat' dir='ltr'><strong>[versas</strong></span> <span class='ocrx_word' id='word_1_115' title='bbox 327 1664 410 1706; x_wconf 79' lang='lat' dir='ltr'><strong>vires</strong></span> <span class='ocrx_word' id='word_1_116' title='bbox 433 1643 465 1702; x_wconf 92' lang='lat' dir='ltr'><strong>in</strong></span> <span class='ocrx_word' id='word_1_117' title='bbox 494 1654 735 1704; x_wconf 73' lang='lat' dir='ltr'><strong>transmarinum</strong></span> <span class='ocrx_word' id='word_1_118' title='bbox 756 1643 877 1704; x_wconf 91' lang='lat' dir='ltr'><strong>bellum</strong></span> <span class='ocrx_word' id='word_1_119' title='bbox 899 1657 1091 1706; x_wconf 86' lang='lat' dir='ltr'><strong>convertere</strong></span> <span class='ocrx_word' id='word_1_120' title='bbox 1111 1643 1187 1704; x_wconf 91' lang='lat' dir='ltr'><strong>libe·</strong></span> 
     </span>
     <span class='ocr_line' id='line_1_17' title="bbox 193 1723 1190 1806; baseline -0.002 -21"><span class='ocrx_word' id='word_1_121' title='bbox 193 1745 265 1785; x_wconf 92' lang='lat' dir='ltr'><strong>rum</strong></span> <span class='ocrx_word' id='word_1_122' title='bbox 285 1735 379 1785; x_wconf 84' lang='lat' dir='ltr'><strong>esset.</strong></span> <span class='ocrx_word' id='word_1_123' title='bbox 398 1738 400 1748; x_wconf 91' lang='grc'><em>·</em></span> <span class='ocrx_word' id='word_1_124' title='bbox 419 1723 624 1784; x_wconf 87' lang='lat' dir='ltr'><strong>Domesticae</strong></span> <span class='ocrx_word' id='word_1_125' title='bbox 656 1723 751 1784; x_wconf 88' lang='lat' dir='ltr'><strong>etiam</strong></span> <span class='ocrx_word' id='word_1_126' title='bbox 778 1724 879 1806; x_wconf 88' lang='lat' dir='ltr'><strong>quieti</strong></span> <span class='ocrx_word' id='word_1_127' title='bbox 907 1745 944 1785; x_wconf 89' lang='lat' dir='ltr'><strong>ea</strong></span> <span class='ocrx_word' id='word_1_128' title='bbox 970 1726 1094 1786; x_wconf 86' lang='lat' dir='ltr'><strong>ratione</strong></span> <span class='ocrx_word' id='word_1_129' title='bbox 1114 1745 1190 1806; x_wconf 88' lang='lat' dir='ltr'><strong>pro·</strong></span> 
     </span>
     <span class='ocr_line' id='line_1_18' title="bbox 193 1803 1320 1888; baseline -0.003 -22"><span class='ocrx_word' id='word_1_130' title='bbox 193 1815 338 1885; x_wconf 84' lang='lat' dir='ltr'><strong>spectum</strong></span> <span class='ocrx_word' id='word_1_131' title='bbox 354 1804 403 1880; x_wconf 85' lang='lat' dir='ltr'><strong>iri,</strong></span> <span class='ocrx_word' id='word_1_132' title='bbox 424 1804 534 1866; x_wconf 86' lang='lat' dir='ltr'><strong>amotis</strong></span> <span class='ocrx_word' id='word_1_133' title='bbox 556 1803 785 1886; x_wconf 85' lang='lat' dir='ltr'><strong>occupatisque</strong></span> <span class='ocrx_word' id='word_1_134' title='bbox 807 1804 979 1888; x_wconf 80' lang='lat' dir='ltr'><strong>longinqua</strong></span> <span class='ocrx_word' id='word_1_135' title='bbox 992 1805 1112 1881; x_wconf 86' lang='lat' dir='ltr'><strong>militia,</strong></span> <span class='ocrx_word' id='word_1_136' title='bbox 1136 1804 1191 1887; x_wconf 91' lang='lat' dir='ltr'><strong>qui</strong></span> <span class='ocrx_word' id='word_1_137' title='bbox 1214 1805 1221 1816; x_wconf 89' lang='lat'><em>&#39;</em></span> <span class='ocrx_word' id='word_1_138' title='bbox 1316 1877 1320 1884; x_wconf 25' lang='grc' dir='ltr'>ι</span> 
     </span>
     <span class='ocr_line' id='line_1_19' title="bbox 194 1883 1262 1948; baseline -0.004 0"><span class='ocrx_word' id='word_1_139' title='bbox 194 1883 288 1948; x_wconf 90' lang='lat' dir='ltr'><strong>otiosi</strong></span> <span class='ocrx_word' id='word_1_140' title='bbox 313 1885 480 1946; x_wconf 84' lang='lat' dir='ltr'><strong>discordiis</strong></span> <span class='ocrx_word' id='word_1_141' title='bbox 510 1895 543 1944; x_wconf 90' lang='lat' dir='ltr'><strong>et</strong></span> <span class='ocrx_word' id='word_1_142' title='bbox 566 1883 695 1944; x_wconf 87' lang='lat' dir='ltr'><strong>audacia</strong></span> <span class='ocrx_word' id='word_1_143' title='bbox 718 1905 770 1944; x_wconf 91' lang='lat' dir='ltr'><strong>res</strong></span> <span class='ocrx_word' id='word_1_144' title='bbox 790 1884 922 1946; x_wconf 89' lang='lat' dir='ltr'><strong>turbare</strong></span> <span class='ocrx_word' id='word_1_145' title='bbox 944 1885 1189 1947; x_wconf 85' lang='lat' dir='ltr'><strong>consuevissent.</strong></span> <span class='ocrx_word' id='word_1_146' title='bbox 1251 1925 1262 1944; x_wconf 72' lang='grc'><strong>.</strong></span> 
     </span>
     <span class='ocr_line' id='line_1_20' title="bbox 194 1964 1269 2049; baseline -0.003 -23"><span class='ocrx_word' id='word_1_147' title='bbox 194 1965 433 2026; x_wconf 86' lang='lat' dir='ltr'><strong>Constituereut</strong></span> <span class='ocrx_word' id='word_1_148' title='bbox 452 1964 462 2024; x_wconf 91' lang='lat' dir='ltr'><strong>i</strong></span> <span class='ocrx_word' id='word_1_149' title='bbox 485 1964 560 2040; x_wconf 89' lang='lat' dir='ltr'><strong>itur,</strong></span> <span class='ocrx_word' id='word_1_150' title='bbox 580 1984 643 2046; x_wconf 90' lang='lat' dir='ltr'><strong>quo</strong></span> <span class='ocrx_word' id='word_1_151' title='bbox 665 1964 871 2044; x_wconf 86' lang='lat' dir='ltr'><strong>imperatore,</strong></span> <span class='ocrx_word' id='word_1_152' title='bbox 892 1965 1074 2049; x_wconf 86' lang='lat' dir='ltr'><strong>quibusque</strong></span> <span class='ocrx_word' id='word_1_153' title='bbox 1091 1986 1129 2026; x_wconf 89' lang='lat' dir='ltr'><strong>co</strong></span> <span class='ocrx_word' id='word_1_154' title='bbox 1154 1965 1190 2024; x_wconf 90' lang='lat' dir='ltr'><strong>iis</strong></span> <span class='ocrx_word' id='word_1_155' title='bbox 1264 2037 1269 2044; x_wconf 88' lang='lat'>.</span> 
     </span>
     <span class='ocr_line' id='line_1_21' title="bbox 193 1985 1190 2128; baseline -0.003 -22"><span class='ocrx_word' id='word_1_156' title='bbox 193 2044 314 2128; x_wconf 84' lang='lat' dir='ltr'><strong>bellum</strong></span> <span class='ocrx_word' id='word_1_157' title='bbox 334 2043 420 2104; x_wconf 88' lang='lat' dir='ltr'><strong>istud</strong></span> <span class='ocrx_word' id='word_1_158' title='bbox 441 1985 719 2104; x_wconf 71' lang='lat' dir='ltr'><strong>administrandum</strong></span> <span class='ocrx_word' id='word_1_159' title='bbox 746 2045 922 2106; x_wconf 87' lang='lat' dir='ltr'><strong>videretur.</strong></span> <span class='ocrx_word' id='word_1_160' title='bbox 963 2048 1034 2106; x_wconf 90' lang='lat' dir='ltr'><strong>Non</strong></span> <span class='ocrx_word' id='word_1_161' title='bbox 1059 1986 1190 2106; x_wconf 75' lang='lat' dir='ltr'><strong>fallebat</strong></span> 
     </span>
     <span class='ocr_line' id='line_1_22' title="bbox 194 2122 1189 2206; baseline 0 -22"><span class='ocrx_word' id='word_1_162' title='bbox 194 2125 379 2205; x_wconf 88' lang='lat' dir='ltr'><strong>plerosque,</strong></span> <span class='ocrx_word' id='word_1_163' title='bbox 401 2136 552 2206; x_wconf 87' lang='lat' dir='ltr'><strong>quantum</strong></span> <span class='ocrx_word' id='word_1_164' title='bbox 573 2144 591 2184; x_wconf 87' lang='lat' dir='ltr'><strong>e</strong></span> <span class='ocrx_word' id='word_1_165' title='bbox 612 2122 776 2204; x_wconf 86' lang='lat' dir='ltr'><strong>republica</strong></span> <span class='ocrx_word' id='word_1_166' title='bbox 795 2133 981 2206; x_wconf 82' lang='lat' dir='ltr'><strong>peteretur:</strong></span> <span class='ocrx_word' id='word_1_167' title='bbox 1016 2126 1074 2188; x_wconf 88' lang='lat' dir='ltr'><strong>sed</strong></span> <span class='ocrx_word' id='word_1_168' title='bbox 1096 2125 1189 2186; x_wconf 90' lang='lat' dir='ltr'><strong>armis</strong></span> 
     </span>
     <span class='ocr_line' id='line_1_23' title="bbox 168 2203 1191 2284; baseline 0.002 -20"><span class='ocrx_word' id='word_1_169' title='bbox 168 2239 181 2255; x_wconf 69' lang='grc' dir='ltr'><em>ι</em></span> <span class='ocrx_word' id='word_1_170' title='bbox 194 2203 339 2264; x_wconf 85' lang='lat' dir='ltr'><strong>amissam</strong></span> <span class='ocrx_word' id='word_1_171' title='bbox 372 2203 552 2264; x_wconf 90' lang='lat' dir='ltr'><strong>libertatem</strong></span> <span class='ocrx_word' id='word_1_172' title='bbox 586 2203 845 2284; x_wconf 83' lang='lat' dir='ltr'><strong>intempestivum</strong></span> <span class='ocrx_word' id='word_1_173' title='bbox 879 2205 1050 2268; x_wconf 83' lang='lat' dir='ltr'><strong>videbatur</strong></span> <span class='ocrx_word' id='word_1_174' title='bbox 1082 2205 1191 2268; x_wconf 87' lang='lat' dir='ltr'><strong>verbis</strong></span> 
     </span>
     <span class='ocr_line' id='line_1_24' title="bbox 194 2283 1192 2370; baseline 0.002 -26"><span class='ocrx_word' id='word_1_175' title='bbox 194 2295 357 2364; x_wconf 87' lang='lat' dir='ltr'><strong>repetere.</strong></span> <span class='ocrx_word' id='word_1_176' title='bbox 398 2283 484 2343; x_wconf 88' lang='lat' dir='ltr'><strong>Nihil</strong></span> <span class='ocrx_word' id='word_1_177' title='bbox 509 2304 589 2366; x_wconf 81' lang='lat' dir='ltr'><strong>ergo</strong></span> <span class='ocrx_word' id='word_1_178' title='bbox 609 2283 788 2346; x_wconf 89' lang='lat' dir='ltr'><strong>dubitatum</strong></span> <span class='ocrx_word' id='word_1_179' title='bbox 809 2296 876 2362; x_wconf 83' lang='lat' dir='ltr'><strong>est,</strong></span> <span class='ocrx_word' id='word_1_180' title='bbox 903 2287 980 2370; x_wconf 90' lang='lat' dir='ltr'><strong>quin</strong></span> <span class='ocrx_word' id='word_1_181' title='bbox 1008 2287 1120 2350; x_wconf 87' lang='lat' dir='ltr'><strong>faustis</strong></span> <span class='ocrx_word' id='word_1_182' title='bbox 1141 2305 1192 2346; x_wconf 91' lang='lat' dir='ltr'><strong>ac·</strong></span> 
     </span>
     <span class='ocr_line' id='line_1_25' title="bbox 194 2362 1192 2446; baseline -0.001 -20"><span class='ocrx_word' id='word_1_183' title='bbox 194 2363 432 2426; x_wconf 87' lang='lat' dir='ltr'><strong>clamationibus</strong></span> <span class='ocrx_word' id='word_1_184' title='bbox 460 2363 627 2446; x_wconf 84' lang='lat' dir='ltr'><strong>Philippus</strong></span> <span class='ocrx_word' id='word_1_185' title='bbox 652 2362 831 2446; x_wconf 85' lang='lat' dir='ltr'><strong>imperator</strong></span> <span class='ocrx_word' id='word_1_186' title='bbox 859 2366 1013 2428; x_wconf 83' lang='lat' dir='ltr'><strong>Graeciae</strong></span> <span class='ocrx_word' id='word_1_187' title='bbox 1045 2367 1085 2428; x_wconf 90' lang='lat' dir='ltr'><strong>ad</strong></span> <span class='ocrx_word' id='word_1_188' title='bbox 1113 2365 1192 2426; x_wconf 89' lang='lat' dir='ltr'><strong>lihe-</strong></span> 
     </span>
     <span class='ocr_line' id='line_1_26' title="bbox 195 2442 1192 2537; baseline -0.001 -32"><span class='ocrx_word' id='word_1_189' title='bbox 195 2443 328 2506; x_wconf 87' lang='lat' dir='ltr'><strong>randum</strong></span> <span class='ocrx_word' id='word_1_190' title='bbox 350 2442 462 2506; x_wconf 90' lang='lat' dir='ltr'><strong>orbem</strong></span> <span class='ocrx_word' id='word_1_191' title='bbox 485 2456 644 2506; x_wconf 79' lang='lat' dir='ltr'><strong>terrarum</strong></span> <span class='ocrx_word' id='word_1_192' title='bbox 667 2443 698 2505; x_wconf 92' lang='lat' dir='ltr'><strong>in</strong></span> <span class='ocrx_word' id='word_1_193' title='bbox 718 2446 826 2508; x_wconf 76' lang='lat' dir='ltr'><strong>Asiam</strong></span> <span class='ocrx_word' id='word_1_194' title='bbox 848 2445 1010 2528; x_wconf 82' lang='lat' dir='ltr'><strong>proficisci</strong></span> <span class='ocrx_word' id='word_1_195' title='bbox 1026 2447 1192 2537; x_wconf 70' lang='lat' dir='ltr'><strong>iuberetuq</strong></span> 
     </span>
     <span class='ocr_line' id='line_1_27' title="bbox 196 2521 1191 2612; baseline 0.002 -28"><span class='ocrx_word' id='word_1_196' title='bbox 196 2521 238 2584; x_wconf 76' lang='lat'><strong>⁸.</strong></span> <span class='ocrx_word' id='word_1_197' title='bbox 282 2525 473 2606; x_wconf 89' lang='lat' dir='ltr'><strong>Descriptae</strong></span> <span class='ocrx_word' id='word_1_198' title='bbox 494 2525 611 2588; x_wconf 88' lang='lat' dir='ltr'><strong>deinde</strong></span> <span class='ocrx_word' id='word_1_199' title='bbox 632 2522 833 2607; x_wconf 84' lang='lat' dir='ltr'><strong>singulorum</strong></span> <span class='ocrx_word' id='word_1_200' title='bbox 855 2545 950 2609; x_wconf 83' lang='lat' dir='ltr'><strong>opes3</strong></span> <span class='ocrx_word' id='word_1_201' title='bbox 978 2537 1011 2588; x_wconf 89' lang='lat' dir='ltr'><strong>et</strong></span> <span class='ocrx_word' id='word_1_202' title='bbox 1038 2539 1191 2612; x_wconf 87' lang='lat' dir='ltr'><strong>quantum</strong></span> 
     </span>
     <span class='ocr_line' id='line_1_28' title="bbox 197 2604 1275 2701; baseline 0.003 -38"><span class='ocrx_word' id='word_1_203' title='bbox 197 2604 269 2687; x_wconf 91' lang='lat' dir='ltr'><strong>quis</strong></span> <span class='ocrx_word' id='word_1_204' title='bbox 316 2625 335 2665; x_wconf 90' lang='lat' dir='ltr'><strong>e</strong></span> <span class='ocrx_word' id='word_1_205' title='bbox 355 2605 489 2672; x_wconf 89' lang='lat' dir='ltr'><strong>militum</strong></span> <span class='ocrx_word' id='word_1_206' title='bbox 513 2605 732 2688; x_wconf 81' lang='lat' dir='ltr'><strong>frumentique</strong></span> <span class='ocrx_word' id='word_1_207' title='bbox 751 2620 784 2668; x_wconf 90' lang='lat' dir='ltr'><strong>et</strong></span> <span class='ocrx_word' id='word_1_208' title='bbox 803 2608 959 2701; x_wconf 82' lang='lat' dir='ltr'><strong>pecuniae</strong></span> <span class='ocrx_word' id='word_1_209' title='bbox 978 2608 1139 2684; x_wconf 88' lang='lat' dir='ltr'><strong>mitteret,</strong></span> <span class='ocrx_word' id='word_1_210' title='bbox 1159 2607 1191 2666; x_wconf 88' lang='lat' dir='ltr'><strong>in</strong></span> <span class='ocrx_word' id='word_1_211' title='bbox 1267 2639 1275 2646; x_wconf 93' lang='lat'><strong>·</strong></span> 
     </span>
     <span class='ocr_line' id='line_1_29' title="bbox 195 2627 1193 2772; baseline 0.003 -27"><span class='ocrx_word' id='word_1_212' title='bbox 195 2627 321 2746; x_wconf 62' lang='lat' dir='ltr'><strong>tabuiaus</strong></span> <span class='ocrx_word' id='word_1_213' title='bbox 341 2684 476 2747; x_wconf 88' lang='lat' dir='ltr'><strong>relatum</strong></span> <span class='ocrx_word' id='word_1_214' title='bbox 497 2696 556 2748; x_wconf 85' lang='lat' dir='ltr'><strong>est.</strong></span> <span class='ocrx_word' id='word_1_215' title='bbox 575 2688 723 2746; x_wconf 84' lang='lat' dir='ltr'><strong>Ducenta</strong></span> <span class='ocrx_word' id='word_1_216' title='bbox 734 2687 890 2767; x_wconf 84' lang='lat' dir='ltr'><strong>ped1tum,</strong></span> <span class='ocrx_word' id='word_1_217' title='bbox 909 2687 1090 2772; x_wconf 87' lang='lat' dir='ltr'><strong>quindecim</strong></span> <span class='ocrx_word' id='word_1_218' title='bbox 1105 2687 1193 2772; x_wconf 85' lang='lat' dir='ltr'><strong>equi·</strong></span> 
     </span>
     <span class='ocr_line' id='line_1_30' title="bbox 196 2764 1193 2846; baseline 0.002 -20"><span class='ocrx_word' id='word_1_219' title='bbox 196 2777 264 2826; x_wconf 80' lang='lat' dir='ltr'><strong>ttrm</strong></span> <span class='ocrx_word' id='word_1_220' title='bbox 276 2764 373 2826; x_wconf 87' lang='lat' dir='ltr'><strong>millia</strong></span> <span class='ocrx_word' id='word_1_221' title='bbox 392 2767 549 2846; x_wconf 88' lang='lat' dir='ltr'><strong>promissa</strong></span> <span class='ocrx_word' id='word_1_222' title='bbox 560 2765 664 2828; x_wconf 78' lang='lat' dir='ltr'><strong>fuisse</strong></span> <span class='ocrx_word' id='word_1_223' title='bbox 675 2766 825 2846; x_wconf 58' lang='lat' dir='ltr'><strong>reperim</strong></span> <span class='ocrx_word' id='word_1_224' title='bbox 851 2787 923 2828; x_wconf 90' lang='lat' dir='ltr'><strong>cum</strong></span> <span class='ocrx_word' id='word_1_225' title='bbox 942 2768 975 2828; x_wconf 88' lang='lat' dir='ltr'><strong>in</strong></span> <span class='ocrx_word' id='word_1_226' title='bbox 996 2788 1036 2828; x_wconf 89' lang='lat' dir='ltr'><strong>eo</strong></span> <span class='ocrx_word' id='word_1_227' title='bbox 1057 2789 1193 2830; x_wconf 90' lang='lat' dir='ltr'><strong>numero</strong></span> 
     </span>
    </p>
   </div>
   <div class='ocr_carea' id='block_1_3' title="bbox 196 2845 1192 3000">
    <p class='ocr_par' dir='ltr' id='par_1_3' title="bbox 196 2845 1192 3000">
     <span class='ocr_line' id='line_1_31' title="bbox 196 2845 1192 2929; baseline 0 -23"><span class='ocrx_word' id='word_1_228' title='bbox 196 2865 301 2928; x_wconf 85' lang='lat' dir='ltr'><strong>neque</strong></span> <span class='ocrx_word' id='word_1_229' title='bbox 316 2845 517 2925; x_wconf 88' lang='lat' dir='ltr'><strong>Macedones,</strong></span> <span class='ocrx_word' id='word_1_230' title='bbox 539 2857 810 2929; x_wconf 77' lang='lat' dir='ltr'><strong>aequepotentes</strong></span> <span class='ocrx_word' id='word_1_231' title='bbox 821 2847 1050 2910; x_wconf 84' lang='lat' dir='ltr'><strong>Macedonibus</strong></span> <span class='ocrx_word' id='word_1_232' title='bbox 1064 2847 1192 2910; x_wconf 89' lang='lat' dir='ltr'><strong>barbari</strong></span> 
     </span>
     <span class='ocr_line' id='line_1_32' title="bbox 198 2922 470 3000; baseline 0.004 -13"><span class='ocrx_word' id='word_1_233' title='bbox 198 2937 408 2987; x_wconf 87' lang='lat' dir='ltr'><strong>censerentur</strong></span> <span class='ocrx_word' id='word_1_234' title='bbox 427 2922 470 3000; x_wconf 82' lang='grc'><strong>9).</strong></span> 
     </span>
    </p>
   </div>
   <div class='ocr_carea' id='block_1_4' title="bbox 279 3002 1190 3085">
    <p class='ocr_par' dir='ltr' id='par_1_4' title="bbox 279 3002 1190 3085">
     <span class='ocr_line' id='line_1_33' title="bbox 279 3002 1190 3085; baseline -0.002 -19"><span class='ocrx_word' id='word_1_235' title='bbox 279 3006 334 3066; x_wconf 84' lang='grc' dir='ltr'><strong>ΙΧ.</strong></span> <span class='ocrx_word' id='word_1_236' title='bbox 354 3008 529 3085; x_wconf 84' lang='lat' dir='ltr'><strong>Ceterum,</strong></span> <span class='ocrx_word' id='word_1_237' title='bbox 546 3013 585 3066; x_wconf 86' lang='lat' dir='ltr'><strong>ut</strong></span> <span class='ocrx_word' id='word_1_238' title='bbox 605 3002 675 3067; x_wconf 87' lang='lat' dir='ltr'><strong>siue</strong></span> <span class='ocrx_word' id='word_1_239' title='bbox 692 3002 829 3067; x_wconf 82' lang='lat' dir='ltr'><strong>mixtura</strong></span> <span class='ocrx_word' id='word_1_240' title='bbox 849 3005 1032 3069; x_wconf 83' lang='lat' dir='ltr'><strong>calamitatis</strong></span> <span class='ocrx_word' id='word_1_241' title='bbox 1054 3005 1140 3066; x_wconf 86' lang='lat' dir='ltr'><strong>nulla</strong></span> <span class='ocrx_word' id='word_1_242' title='bbox 1160 3005 1190 3064; x_wconf 93' lang='lat' dir='ltr'><strong>in</strong></span> 
     </span>
    </p>
   </div>
   <div class='ocr_carea' id='block_1_5' title="bbox 198 3167 388 3185">
    <p class='ocr_par' dir='ltr' id='par_1_5' title="bbox 198 3167 388 3185">
     <span class='ocr_line' id='line_1_34' title="bbox 198 3167 388 3185; baseline -0.011 0"><span class='ocrx_word' id='word_1_243' title='bbox 198 3167 388 3185; x_wconf 53' lang='grc' dir='ltr'><strong><em>Μ</em></strong></span> 
     </span>
    </p>
   </div>
   <div class='ocr_carea' id='block_1_6' title="bbox 267 3267 1029 3543">
    <p class='ocr_par' dir='ltr' id='par_1_6' title="bbox 267 3267 1029 3406">
     <span class='ocr_line' id='line_1_35' title="bbox 267 3267 1029 3340; baseline 0.001 -18"><span class='ocrx_word' id='word_1_244' title='bbox 267 3271 286 3322; x_wconf 88' lang='grc'><strong>6</strong></span> <span class='ocrx_word' id='word_1_245' title='bbox 314 3269 409 3319; x_wconf 84' lang='lat' dir='ltr'><strong>lustin.</strong></span> <span class='ocrx_word' id='word_1_246' title='bbox 424 3281 453 3334; x_wconf 81' lang='lat'><strong>9,</strong></span> <span class='ocrx_word' id='word_1_247' title='bbox 471 3267 498 3334; x_wconf 85' lang='lat'><strong>⁵,</strong></span> <span class='ocrx_word' id='word_1_248' title='bbox 515 3269 542 3322; x_wconf 70' lang='lat'><strong>3,</strong></span> <span class='ocrx_word' id='word_1_249' title='bbox 559 3270 664 3324; x_wconf 81' lang='lat' dir='ltr'><strong>Arriam</strong></span> <span class='ocrx_word' id='word_1_250' title='bbox 681 3275 708 3335; x_wconf 79' lang='lat'><strong>1,</strong></span> <span class='ocrx_word' id='word_1_251' title='bbox 724 3275 750 3334; x_wconf 82' lang='lat'><strong>1,</strong></span> <span class='ocrx_word' id='word_1_252' title='bbox 768 3269 793 3322; x_wconf 72' lang='grc' dir='ltr'><strong>ὅ.</strong></span> <span class='ocrx_word' id='word_1_253' title='bbox 810 3269 923 3326; x_wconf 85' lang='lat' dir='ltr'><strong>Diodor.</strong></span> <span class='ocrx_word' id='word_1_254' title='bbox 944 3286 984 3340; x_wconf 81' lang='lat'><strong>17,</strong></span> <span class='ocrx_word' id='word_1_255' title='bbox 1003 3271 1029 3323; x_wconf 81' lang='lat'><strong>3.</strong></span> 
     </span>
     <span class='ocr_line' id='line_1_36' title="bbox 270 3335 754 3406; baseline 0.008 -19"><span class='ocrx_word' id='word_1_256' title='bbox 270 3355 284 3404; x_wconf 73' lang='grc'>7</span> <span class='ocrx_word' id='word_1_257' title='bbox 314 3335 429 3388; x_wconf 77' lang='lat' dir='ltr'><strong>DiOdol&#39;·</strong></span> <span class='ocrx_word' id='word_1_258' title='bbox 451 3338 490 3401; x_wconf 71' lang='lat'><strong>¹6,</strong></span> <span class='ocrx_word' id='word_1_259' title='bbox 509 3350 554 3403; x_wconf 62' lang='grc' dir='ltr'><strong>φα</strong></span> <span class='ocrx_word' id='word_1_260' title='bbox 572 3339 667 3392; x_wconf 68' lang='lat' dir='ltr'><strong>lustin·</strong></span> <span class='ocrx_word' id='word_1_261' title='bbox 683 3353 712 3406; x_wconf 69' lang='lat'><strong>97</strong></span> <span class='ocrx_word' id='word_1_262' title='bbox 728 3340 754 3392; x_wconf 75' lang='lat'><strong>5·</strong></span> 
     </span>
    </p>

    <p class='ocr_par' dir='ltr' id='par_1_7' title="bbox 268 3405 540 3472">
     <span class='ocr_line' id='line_1_37' title="bbox 268 3405 540 3472; baseline 0.015 -18"><span class='ocrx_word' id='word_1_263' title='bbox 268 3409 285 3459; x_wconf 92' lang='lat'><strong>8</strong></span> <span class='ocrx_word' id='word_1_264' title='bbox 315 3405 540 3472; x_wconf 79' lang='lat' dir='ltr'><strong>curt.3‚10‚5.</strong></span> 
     </span>
    </p>

    <p class='ocr_par' dir='ltr' id='par_1_8' title="bbox 268 3473 541 3543">
     <span class='ocr_line' id='line_1_38' title="bbox 268 3473 541 3543; baseline 0.015 -20"><span class='ocrx_word' id='word_1_265' title='bbox 268 3491 286 3543; x_wconf 81' lang='lat'>9</span> <span class='ocrx_word' id='word_1_266' title='bbox 317 3473 409 3524; x_wconf 88' lang='lat' dir='ltr'><strong>lustin.</strong></span> <span class='ocrx_word' id='word_1_267' title='bbox 426 3477 453 3530; x_wconf 85' lang='lat'><strong>9.</strong></span> <span class='ocrx_word' id='word_1_268' title='bbox 474 3475 500 3541; x_wconf 79' lang='lat'><strong>5,</strong></span> <span class='ocrx_word' id='word_1_269' title='bbox 514 3475 541 3527; x_wconf 84' lang='grc'><strong>6.</strong></span> 
     </span>
    </p>
   </div>
   <div class='ocr_carea' id='block_1_7' title="bbox 0 0 1341 3864">
    <p class='ocr_par' dir='ltr' id='par_1_9' title="bbox 0 0 1341 3864">
     <span class='ocr_line' id='line_1_39' title="bbox 0 0 1341 3864; baseline 0 0"><span class='ocrx_word' id='word_1_270' title='bbox 0 0 1341 3864; x_wconf 95' lang='lat' dir='ltr'><strong> </strong></span> 
     </span>
    </p>
   </div>
  </div>
 </body>
</html>
