2636 3860
386 396 503 448 SUPPL.
524 397 560 446 ΙΝ
580 397 613 462 Q·
636 395 792 448 CURTIUM
808 397 839 448 L.
860 397 881 447 1.
1098 403 1133 453 21

140 545 170 627 ¹)
189 540 263 606 e'um
289 544 359 640 ipse
394 543 585 622 Byzantinos
614 543 781 606 obsidione
812 557 957 626 urgeret,
986 545 1138 607 idoneum

139 628 200 688 iam
225 625 400 688 credrderit
420 621 537 700 filium,
558 623 610 685 cui
630 624 733 686 libera
746 644 827 686 ‘cum
849 638 1013 721 potestate
1035 628 1138 688 Maee-

137 707 251 768 doniae
272 725 381 767 curam
402 703 635 781 committeret,
655 725 752 766 annos
774 727 900 768 omnmo
924 707 1063 767 sedecim
1085 705 1139 765 ba·

137 788 277 849 bentem.
317 785 394 927 (ἕῇυο
415 781 446 864 ²)
470 796 648 867 comperto,
671 785 876 846 Medarorum
897 787 1034 870 quidam,
1062 789 1139 848 Tra-

138 868 187 930 eia
206 868 302 942 natio,
356 863 526 928 aeedoniae
548 865 699 941 subiecta,
720 886 762 947 op
787 879 939 928 ortunum
954 866 1138 942 ‹tet'eetiont,

138 970 233 1045 quam
255 947 376 1009 dudum
397 943 565 1026 agitabant,
584 956 711 1026 tempus
738 887 903 1008 advenisse
929 947 1007 1020 rati,
1036 948 1139 1008 eonsi-

138 1029 181 1090 lra
202 1028 373 1090 nudavere.
416 1025 481 1088 Sed
500 1026 697 1103 adolescens,
718 1027 921 1089 ostentandae
945 1028 1069 1087 virtutis
1086 1048 1138 1090 oc·

140 1109 268 1171 cesione
292 1109 406 1185 laetus,
433 1127 505 1168 cum
534 1105 668 1168 ducibus
695 1130 712 1167 a
738 1119 830 1188 patre
856 1106 976 1168 relictis
997 1129 1138 1190 propere

139 1190 249 1251 ineos
272 1190 389 1251 movit:
422 1187 577 1272 victisque
605 1199 638 1249 et
669 1187 777 1248 eiectis
804 1187 998 1262 rebellibus,
1026 1188 1140 1249 urbem
1182 1197 1187 1205 ¹

141 1291 255 1333 eorum
290 1270 370 1330 varii
396 1268 523 1351 generis
555 1269 704 1329 convenis
731 1267 931 1330 habitandam
953 1267 1049 1329 dedit.
1092 1269 1141 1328 illi

142 1351 173 1430 ³)
196 1349 477 1432 Alexandropolim
500 1368 539 1408 ex
559 1347 685 1408 nomine
700 1349 838 1410 auctoris
852 1348 901 1408 sui
924 1371 940 1408 a
965 1350 1140 1429 pellavere.

140 1431 319 1512 Phiiippus,
340 1439 458 1491 eventu
477 1428 525 1487 rei
547 1423 702 1510 gaudens,
728 1439 870 1490 ceterum
893 1369 1064 1503 solicitus,
1091 1451 1142 1500 nc,

142 1533 203 1574 suo
224 1510 356 1571 arbitrio
376 1507 559 1591 permissus,
587 1505 796 1568 adolescentis
824 1508 943 1568 animus
970 1509 1088 1569 maiora
1110 1506 1141 1588 ⁴)

142 1591 267 1658 viribus
290 1610 362 1650 cum
390 1587 486 1650 exitio
516 1607 552 1648 ca
577 1599 716 1664 asseret,
749 1589 894 1650 evocavit
922 1608 1012 1663 eum,
1040 1603 1076 1650 ut
1108 1610 1142 1650 se

141 1671 293 1754 magistro
316 1668 464 1731 ardorem
485 1608 654 1750 prudentia
674 1680 853 1750 temperare
875 1669 1030 1732 disceret:
1063 1683 1097 1731 et
1112 1671 1143 1730 in

143 1749 328 1835 subigendis
350 1747 540 1810 Chersonesi
554 1747 681 1830 oppidis
697 1761 825 1809 strenua
841 1761 1031 1833 promtaque
1043 1771 1144 1832 opera

144 1831 212 1896 eius
236 1852 313 1892 usus
336 1841 394 1894 est.
440 1829 593 1890 Ceterum
617 1848 689 1889 eum
710 1829 749 1889 ad
770 1831 974 1909 Byzantium,
1004 1831 1139 1891 validam

143 1913 267 1990 urbem,
288 1913 439 1973 haereret
462 1908 597 1986 obsidio,
619 1909 739 1972 civibus
762 1911 892 1993 egregie
913 1931 973 1991 pro
995 1910 1144 1972 libertate

143 1993 375 2078 pugnantibus3
410 1991 515 2075 iisque
542 1989 658 2050 Graeci
684 1989 885 2087 barbarique,
906 1991 1021 2074 quibus
1043 1991 1143 2054 incre·

144 2087 250 2136 menta
271 2071 413 2156 Philippi
433 2082 580 2154 suspecta
598 2083 698 2146 erant,
720 2083 866 2133 certatim
882 2071 997 2134 auxilio
1017 2073 1146 2135 venturi

144 2156 383 2216 nuntiarentur:
416 2151 585 2234 desperata
612 2151 764 2222 victoria,
803 2153 836 2213 id
869 2173 966 2212 sinum
996 2153 1145 2235 agitabat,

168 2257 279 2296 uanam
300 2235 423 2295 ratione
451 2253 545 2316 qrram
575 2234 704 2294 minimo
730 2233 894 2314 copiarum
923 2243 1017 2311 atque
1043 2231 1145 2292 famae

145 2259 262 2378 damno
287 2315 326 2375 ab
349 2312 515 2374 obsidione
537 2312 727 2374 discederet·
748 2313 929 2394 lmperabat
955 2313 983 2392 5)
1006 2333 1045 2372 eo
1067 2325 1146 2370 tem·

145 2417 228 2480 pore
248 2395 347 2468 Getis,
369 2393 517 2471 Scythico
539 2394 678 2470 populo,
694 2393 829 2454 Atheas:
861 2391 915 2474 qui
930 2392 1024 2451 armis
1042 2390 1146 2450 Istria-

146 2497 262 2537 norum
297 2492 404 2533 sessus
425 2469 574 2532 auxilium
587 2492 605 2531 e
620 2471 770 2550 Phiiippo
785 2471 955 2551 petiverat,
976 2490 1032 2549 spe
1048 2469 1145 2549 adop·

147 2555 242 2616 tionis
308 2563 373 2620 cta,
419 2550 445 2608 si
477 2547 571 2608 fessis
607 2549 761 2608 Getarum
799 2550 896 2610 rebus
929 2561 1174 2614 sirceurreret.x

148 2635 247 2707 Idem,
273 2651 344 2690 cum
364 2628 504 2689 hostium
528 2628 703 2710 imperator
724 2628 927 2705 decessisset,
962 2629 1038 2690 belli
1058 2641 1148 2690 metu

132 2713 318 2788 ‚liberatum
344 2707 534 2770 Macedonas
569 2729 688 2772 vacuos
716 2709 901 2785 remiserat,
928 2731 1061 2793 negans,
1094 2709 1147 2794 rel

147 2793 291 2875 ipsorum
323 2787 439 2852 auxilio
470 2789 524 2850 vei
552 2789 723 2871 adoptione
755 2789 894 2872 Philippi
925 2791 1067 2875 eguisse,
1096 2791 1148 2934 ἰαί

150 2873 304 2938 adversus
324 2870 433 2932 hostes
457 2871 530 2932 satis
544 2871 748 2955 propriarum
770 2870 894 2949 virium,
914 2885 948 2946 et
971 2873 1003 2941 in
1023 2891 1098 2948 suec
1119 2893 1147 2933 s·

233 3211 244 3280 )
266 3209 404 3268 Plutarch.
422 3225 447 3261 c·
467 3213 507 3278 14·
739 3233 741 3238 ·

126 3285 129 3290 ’
271 3281 346 3332 Paul.
364 3279 477 3332 Diaron.
497 3277 627 3346 degestio
644 3274 816 3343 Longobard.
836 3275 862 3341 5,
881 3271 924 3338 40.

218 3229 228 3264 ι

151 3387 153 3392 v
217 3281 251 3426 {ii
267 3356 394 3425 stephan.
421 3351 450 3404 B·
475 3372 498 3404 v.
520 3337 752 3426 Ἀλεξάνδρεια.

202 3434 247 3502 b)
266 3435 359 3486 lustin.
375 3446 402 3496 9,
425 3447 447 3493 ι,
466 3430 491 3482 8.

219 3503 358 3572 5)1ustin·
379 3516 405 3566 9,
422 3504 447 3555 2.
485 3501 564 3551 Oros.
584 3498 609 3562 3,
635 3498 674 3551 13.
