2660 3864
153 367 155 372 ·
187 337 223 390 28
462 347 467 366 ⁴
508 343 518 361 ’·
559 333 580 384 1.
597 333 818 389 PREINSHEMH

187 481 236 547 uti
264 501 372 564 passus
402 493 502 544 essett
541 481 659 542 iamin
687 481 761 542 Asia
790 481 939 549 audiretis
958 497 1052 543 arma
1074 483 1182 563 ‘ipsius

187 584 277 638 esse,
309 583 390 644 quae
410 582 493 623 nunc
514 561 699 625 coercendis
727 561 948 642 improborum
967 563 1116 636 motibus,
1136 563 1181 624 in-

186 644 284 710 vitus,
306 661 366 724 per
387 641 553 704 Graeciam
580 641 790 703 circumferre
819 642 958 722 cogitur.
997 643 1130 703 Poterat
1152 643 1181 720 5)
1319 701 1321 708 χ

173 724 317 806 ¹quidem
349 721 455 782 amicis
483 721 728 784 Atheniensibus
754 722 819 796 uti,
835 721 905 782 nisi
933 721 1007 784 huio
1034 725 1184 784 Demost·

185 803 262 866 lacni
283 815 380 886 atque
403 803 470 864 aliis
493 803 700 886 quibusdam,
720 803 775 886 qui
801 801 980 883 imperitam
1007 802 1185 864 multitudi-

186 905 279 960 nem,
308 896 346 944 ut
378 883 556 964 expositum
583 883 685 944 ventis
711 904 816 957 mare,
850 883 1026 944 orationum
1054 903 1185 944 suarum

152 981 277 1050 saura,
297 956 364 1047 rino
385 965 515 1040 volunt,
536 963 720 1044 impellunt,
743 963 931 1044 vectigalem
951 983 986 1024 se
1007 962 1186 1024 saceroda-

189 1045 321 1124 dignum
362 1063 488 1126 usuque
527 1055 560 1106 et
607 1043 755 1124 exemplo
789 1043 921 1104 foedum
964 1043 1199 1108 existimasset..

187 1125 319 1218 Quippe
339 1124 366 1186 si
386 1123 470 1204 apud
490 1124 561 1184 illos
589 1124 748 1184 honestati
768 1123 907 1205 pretium
926 1135 1023 1196 esset,
1048 1124 1188 1204 gratuito

186 1205 263 1269 honr
276 1204 395 1268 for-ent.
419 1203 541 1280 Quibus
561 1203 696 1266 honesta
710 1205 851 1266 vendere
867 1224 936 1282 mos
951 1215 1010 1280 est,
1034 1205 1060 1264 si
1075 1204 1187 1264 eadem

186 1282 298 1366 flagitii
321 1303 446 1348 merces
465 1283 579 1361 detur,
599 1284 688 1344 utilia
712 1301 732 1343 a
753 1285 865 1355 noxiis,
886 1295 975 1344 recta
997 1283 1036 1344 ab
1058 1284 1189 1346 inhone-

188 1365 246 1428 stis
273 1385 338 1427 non
361 1363 574 1446 distinguunt:
597 1365 709 1441 lucro,
738 1387 801 1427 non
828 1363 950 1428 affectu
974 1364 1101 1425 virtutis
1126 1375 1187 1425 ‘aut

185 1445 320 1530 patriae,
340 1463 446 1526 neque
466 1447 612 1506 Deorum
637 1444 842 1506 hominumve
868 1444 1049 1506 reverentia
1070 1444 1189 1506 ducun-

185 1539 252 1589 tur.
274 1525 381 1586 Nolite
402 1524 530 1586 honesti
549 1524 669 1607 aliquid
698 1537 753 1584 aut
782 1525 906 1608 egregii
939 1535 1125 1606 exspectare
1149 1525 1188 1586 ab

186 1605 236 1666 his
256 1603 452 1667 hominibus:
473 1605 588 1668 vestris
606 1605 804 1666 utilitatibus
834 1628 898 1667 non
918 1617 1106 1682 moventur,
1133 1603 1190 1700 qui

186 1685 310 1768 patriae
331 1697 394 1745 tam
415 1685 497 1748 male
518 1686 698 1747 consulunt.
739 1687 785 1746 lm
809 1685 906 1746 licare
931 1685 1119 1748 vostrolunt
1138 1687 1191 1747 irs·

187 1767 263 1828 dem
284 1765 522 1838 calamitatibus,
543 1765 712 1860 exquibus
726 1707 822 1830 modo
839 1766 1049 1828 Macedonum
1068 1766 1190 1829 virtute

188 1858 282 1930 atque
304 1843 368 1905 fide
396 1844 523 1907 liberati
554 1857 647 1922 est1s3
679 1853 832 1928 tantoque
858 1845 1050 1922 maioribus,
1070 1857 1189 1929 ¹quanto

188 1925 424 1990 formidabilior
458 1925 559 1988 hostis
596 1925 724 1988 futurus
755 1937 842 1986 esset
873 1926 1062 2007 Philippus,
1096 1947 1191 2010 quam

154 2005 408 2092 sPhilomelus,
440 2018 495 2066 aut
515 2005 718 2068 Ono'machus
739 2003 844 2071 fuer'c,
889 2008 968 2066 Nam
988 2007 1019 2066 in
1043 2005 1190 2088 precario
1267 2040 1273 2052 ·

192 2085 330 2166 imperio
360 2085 456 2145 etiam
483 2085 560 2146 boni
586 2085 676 2146 ducis
706 2097 836 2146 conatus
867 2085 953 2146 haud
979 2087 1082 2150 minus
1105 2086 1191 2147 cives

53 2195 54 2198 ¹
136 2179 165 2244 s
191 2187 288 2250 quam
307 2164 416 2226 hostes
438 2163 670 2247 praepediuntt
711 2186 825 2246 regum
854 2166 946 2228 iussis
974 2187 1067 2228 nemo
1094 2169 1191 2228 inter-

145 2263 166 2311 s
189 2245 288 2318 cedit,
307 2265 401 2306 nemo
425 2245 629 2328 refragatur:
656 2244 750 2308 unius
777 2246 910 2308 arbitrio
941 2249 1046 2308 cuncti
1074 2268 1194 2330 regun«
1251 2289 1254 2295 ·
1320 2307 1321 2314 ,

139 2320 143 2329 ⁴
189 2340 255 2389 tur.
275 2327 311 2386 ln
331 2345 395 2408 quo
416 2337 570 2410 quantum
596 2325 628 2386 in
655 2327 752 2388 rebus
779 2325 903 2388 bellicis
923 2341 1118 2388 momentum
1140 2326 1190 2402 sit,
1297 2395 1300 2398 ,

190 2428 255 2470 nou
272 2405 435 2488 ignoratis.
475 2407 542 2469 Neo
568 2405 630 2466 iam
658 2406 690 2467 ih
715 2426 777 2470 uno
806 2427 944 2488 corpore
965 2407 1191 2469 Macedonibus

191 2487 226 2548 id
246 2487 439 2568 praesidium
459 2497 521 2553 est.
549 2486 733 2569 Philippum
754 2487 813 2548 etsi
830 2488 930 2548 iatum
946 2488 1098 2563 auferret,
1120 2488 1195 2548 Ale-

191 2568 311 2630 xander
326 2581 508 2648 regenerat,
528 2568 585 2652 qui
604 2568 712 2628 iamin
729 2567 1012 2632 adolescentishac
1033 2581 1135 2630 aetate
1155 2587 1193 2627 ea

89 2661 94 2667 '
195 2647 291 2709 animi
311 2647 492 2730 ingeniique
512 2649 708 2709 documenta
723 2647 841 2727 edidit,
873 2661 909 2708 ut
931 2669 1034 2729 prope
1058 2659 1192 2723 constet,

194 2727 323 2792 summis
351 2727 594 2806 imperatoribus
623 2749 733 2809 parem
769 2749 839 2790 esse
868 2729 1024 2794 futurum.
1056 2730 1193 2790 ¹Contra

193 2806 279 2889 apud
301 2805 509 2868 Athenienses
530 2807 616 2889 pacis
638 2808 779 2892 bellique
804 2809 979 2884 arbitrium,
1001 2810 1075 2892 quia
1094 2826 1192 2890 penes

174 2905 302 2952 ‘omues
323 2899 383 2962 est,
406 2886 547 2948 velutin
569 2887 676 2950 medio
697 2890 836 2971 positum
861 2889 1086 2950 audacissimus
1108 2886 1191 2968 quis·

193 2987 258 3052 que
282 2966 322 3026 ad
342 2987 377 3027 se
398 2967 509 3030 trahit:
529 2967 652 3049 impetu
672 2970 771 3052 magis
793 2991 889 3053 quam
909 2969 1052 3039 consilio,
1079 2969 1192 3026 cuncta

194 3058 347 3130 aguntur:
369 3045 512 3114 homines
532 3049 660 3132 maligni
686 3051 832 3124 suadent,
845 3049 983 3130 imperiti
999 3049 1191 3111 decernunt:

193 3127 317 3190 bellum
336 3127 472 3213 sumitur
480 3131 661 3209 animosius,
679 3151 774 3215 quam
793 3129 932 3212 geritur:
953 3127 1088 3204 foedera
1108 3120 1193 3183 haud

183 3413 187 3421 ¹
265 3391 454 3464 sinemus.
480 3394 516 3444 de
549 3394 692 3448 Haloneso.
727 3394 845 3446 Litteras
876 3393 993 3462 Philippi
1020 3389 1054 3442 ad
1070 3387 1192 3464 ‚Athenn

197 3463 269 3534 apud
284 3461 423 3514 Demosth.
441 3479 470 3530 p.
491 3464 550 3517 352.
568 3462 598 3512 li.
868 3474 873 3486 *
916 3501 918 3505 .

31 3682 125 3698 A*

128 3699 173 3745 Ἳι
