2636 3860
438 361 574 406 sustris
595 361 793 406 ιιιιιιιιιιι,
1016 345 1119 408 XXIX

116 505 333 578 Fseiusbemlo,
355 503 539 586 nuperrime
560 501 655 564 etiam
676 524 694 564 a
719 500 809 565 Plu·
821 503 1000 567 Buttmanuo
1020 517 1054 567 st
1073 506 1120 569 G...

116 610 263 682 Pinzgero
291 600 339 687 24)
375 604 514 688 quorum
546 619 685 690 uterque
726 603 831 681 felici,
858 617 894 666 ut
928 618 1006 687 puto
1032 609 1120 668 Mars

117 707 360 792 tepR'utgersii
384 706 537 772 iudicium
563 707 724 772 stabilivit.
765 705 881 768 Statuit
906 719 1009 772 autem
1037 713 1119 775 Ruta

116 812 241 896 gessius
264 811 360 876 Varr.
381 811 486 874 Leett.
508 812 532 887 1,
556 827 602 891 ιι),
627 809 773 872 Curtium
793 831 857 872 ιιοιι
876 813 973 876 modo
995 813 1116 902 Vespa.

116 918 205 979 siano
225 911 372 996 principe
393 908 558 990 floruisse,
593 912 650 973 sed
675 911 754 974 haee
781 911 850 992 ipsa
873 915 971 975 verba
991 918 1022 978 in
1045 922 1121 1003 ejus,

117 1018 239 1101 gratiae
260 1033 350 1097 sporn
370 1013 491 1076 decore
511 1014 629 1076 inserta
652 1033 733 1079 esse.
772 1014 915 1076 Primum
940 1022 1028 1102 quod
1060 1027 1114 1103 ait,

4 1173 6 1200 ,
115 1128 180 1182 sine
199 1139 251 1178 suo
273 1121 373 1196 cupite
393 1115 547 1178 discordia
566 1118 696 1178 membro
723 1116 905 1196 trepidasse,
934 1119 975 1181 de
1002 1123 1114 1205 Galba,

34 1261 36 1268 ,
113 1220 247 1284 Othone
269 1229 303 1280 et
322 1219 453 1286 Vitellio
475 1220 543 1283 dioi
559 1219 760 1281 manifestum
773 1232 832 1285 est.
861 1215 1002 1284 Subillis
1020 1228 1114 1307 enim,

114 1327 193 1388 dum
215 1342 327 1384 eorum
349 1323 485 1408 quisque
509 1323 549 1385 da
570 1324 748 1405 principatu
770 1323 943 1401 contendit,
963 1345 1016 1386 res
1032 1329 1122 1406 pub.·

113 1429 177 1489 lieu
196 1425 262 1488 sine
283 1438 377 1488 certo
398 1426 501 1507 capito
525 1424 595 1485 fuit.
636 1425 728 1485 Unde
749 1423 920 1486 Suetonius
941 1429 973 1486 in
993 1429 1122 1511 Vespa.-

3 1523 5 1528 ’
114 1531 213 1594 siano.
226 1551 294 1612 oap.
320 1553 345 1589 1.
366 1548 422 1592 eos
443 1541 548 1590 motus
568 1526 750 1604 umbella,
780 1526 869 1588 velut
889 1527 947 1586 sub
969 1528 1123 1611 legitimu-

114 1635 273 1718 prineipe,
294 1632 353 1694 sed
373 1630 583 1693 rebellionem
605 1639 708 1694 vocat.
750 1626 815 1692 Iam
836 1627 986 1707 moilla,
1018 1652 1114 1715 quam

113 1736 252 1798 Romani
269 1753 362 1815 poene
381 1753 547 1813 supremam
560 1729 741 1809 habuerint,
761 1750 889 1815 qusque
910 1749 1014 1792 nouum
1034 1737 1115 1799 sidtu

113 1839 179 1903 buu
198 1839 351 1915 illuxerit,
376 1836 513 1899 obsecro
538 1847 581 1914 te,
603 1851 686 1918 quae
707 1833 767 1894 aliu
790 1843 850 1906 est,
866 1853 961 1916 quam
982 1855 1030 1914 ea,
1051 1859 1124 1922 qua„

32 1971 36 1978 ·
113 1943 328 2024 Vespasianus
349 1939 513 2005 Vitellium
533 1933 738 2021 profligavit?
778 1933 814 1995 ld
845 1933 928 1997 enim
954 1941 1114 2022 proelium

113 2057 214 2112 noctu
237 2043 441 2106 commissum·
459 2064 499 2105 ox
518 2040 620 2108 'Paeiti
639 2039 691 2103 111.
713 2037 796 2098 Hist.
811 2035 959 2108 u'xxll.
970 2057 1123 2108 denotat:

114 2147 181 2206 lum
216 2144 305 2228 quod
331 2156 365 2207 et
390 2143 443 2206 hic
470 2167 528 2206 non
553 2145 649 2204 solum
669 2143 848 2202 revirescere
872 2147 1044 2225 imperium,
1062 2149 1124 2212 sed-

114 2252 207 2308 etium
225 2246 340 2328 florere
362 2247 454 2328 diuiti
480 2259 513 2310 et
539 2245 595 2310 lib.
624 2243 680 2310 1V.
711 2261 779 2324 sap.
807 2243 863 2308 tv.
894 2253 976 2312 extr.
998 2247 1115 2324 tongam

112 2367 218 2428 pacem
238 2351 290 2428 sub
315 2353 403 2415 Rom.
424 2349 654 2417 mansuetudine,
675 2346 716 2406 de
738 2363 812 2428 quo·
824 2343 938 2412 melius
957 2367 1051 2432 ιῙιιιιιιι
1073 2349 1126 2412 de·

115 2447 311 2530 Vespasiano
336 2452 399 2513 dici
418 2448 543 2533 possiti
564 2451 630 2536 Qui
650 2458 726 2529 post
745 2455 797 2506 tut
820 2459 863 2505 su
877 2453 942 2506 tum
962 2448 1125 2512 immanes·

114 2549 279 2612 bellorum
300 2553 417 2632 furias,
442 2569 557 2665 pacem
585 2561 619 2610 st
637 2548 897 2630 tranquillitatem
919 2549 991 2611 orbi
1013 2561 1114 2616 terra-

114 2669 190 2710 rum
208 2651 368 2731 reddidit,
393 2651 489 2712 euius
515 2647 664 2714 beneficii
681 2661 936 2732 mouumentum,
963 2665 997 2715 et
1016 2675 1114 2740 augu-

117 2762 201 2814 stum
221 2751 302 2814 illud
316 2754 409 2817 Pacis
427 2755 583 2836 templum
603 2769 675 2815 esse
697 2753 809 2833 voluit,
831 2754 931 2839 quod
940 2778 1024 2820 eum
1038 2781 1113 2824 cun·
1119 2775 1124 2795 ‘

116 2853 235 2918 didisse
264 2857 375 2919 scribit
406 2856 592 2935 Suetonius3
621 2867 656 2918 et
680 2855 781 2918 omnis
807 2859 932 2940 generis
959 2883 1127 2942 ιιιιιιιιιιοι,1
1185 2923 1188 2927 .

117 2959 232 3044 quibus
252 2959 414 3048 hodieque
430 2961 528 3028 PACl
544 2957 645 3025 ORE·
659 2959 758 3025 TER.
778 2955 969 3041 inscriptum
984 2963 1124 3047 legiturs¹
1194 3000 1205 3007 -

120 3111 312 3129 m

135 3191 209 3268 Ι94)Ι
225 3199 319 3252 Ueber
337 3201 383 3253 dns
396 3201 525 3254 Zeitalter
542 3185 656 3252 desu
644 3195 795 3250 .Curtius
814 3201 905 3256 Rullus
931 3200 979 3251 Mn
994 3202 1112 3252 lleriick-

118 3267 213 3334 sichtig
196 3286 267 3335 gung
289 3285 342 3322 von
366 3270 398 3319 Α.
427 3269 506 3320 llirt’s
524 3267 582 3318 und
610 3269 658 3318 P.
684 3268 846 3318 Buttmann's
873 3268 1126 3334 Untersuubungen.

31 3365 34 3376 ·
118 3336 262 3388 desselben
281 3337 340 3408 Geg
341 3337 490 3392 enslandes.
509 3333 707 3420 lnSeebode's
715 3335 812 3418 Archiv
831 3337 875 3392 sur
893 3336 1042 3412 Pliilulogie
1060 3344 1111 3389 ete.

121 3400 196 3461 1824
215 3405 238 3470 1,
245 3399 326 3476 ’1,4).
344 3414 418 3473 91-
385 3405 487 3472 -104
