2660 3864
193 329 228 384 96
556 323 589 374 ‘l.
607 317 828 372 tutiusnsstssl

195 467 256 530 nile
281 465 458 544 tutatores,
493 464 548 550 qui
582 461 795 550 pedestribus
816 466 917 550 copiis
947 469 1021 551 plus
1054 481 1198 550 possent.

194 550 335 638 Quoque
356 547 552 629 expeditius,
572 548 660 630 quod
686 547 874 624 videbatur,
904 549 1081 625 obtineret,
1101 549 1199 626 idem,

194 627 1261 713 qmwfflmwfflmnmmmffimmmmmwm·‘

193 709 259 784 bat,
281 707 526 790 conscensisque
547 707 690 784 navibus,
719 727 812 790 quam
833 729 892 769 rex
914 708 1067 784 iussisset,
1089 708 1201 770 discri·
1223 768 1225 770 ,

162 801 165 805 ’
192 789 284 850 minis
304 799 431 869 partem
453 807 635 867 capessere.
657 786 915 848 Conllrmabatur
936 789 1030 848 etiam
1054 790 1200 870 augurio,

194 866 522 952 quodsuperioribus
543 865 655 927 diebus
675 887 692 926 a
712 878 807 948 tergo
827 867 936 950 regiae
965 867 1073 928 classis
1095 869 1200 951 aquila

193 950 227 1008 iu
251 949 345 1007 litore
367 945 542 1007 consistens
564 965 603 1026 ep
628 947 770 1007 aruisset.
792 949 910 1007 Contra
924 947 1109 1008 Alexander
1130 948 1204 1008 l'alli

193 1026 437 1088 Parmenionem
465 1045 613 1085 assevera
637 1037 687 1102 at,
715 1025 769 1107 qui
797 1045 912 1106 paucas
941 1046 1075 1088 suorum
1102 1047 1200 1089 nates

193 1119 297 1167 tantae
318 1105 459 1165 bostium
486 1103 697 1181 multitudini,
732 1105 899 1186 imperitos
924 1126 965 1166 ue
1000 1106 1138 1186 remiges
1167 1119 1202 1168 et

193 1187 291 1247 rudos
313 1184 489 1253 classiarios
511 1185 780 1244 exercitatissimis
794 1128 974 1246 homiuibus
989 1187 1103 1268 reique
1123 1207 1200 1245 nau·

193 1267 276 1326 tiene
295 1263 505 1346 peritissimis,
527 1262 723 1324 obiiciendos
750 1263 892 1328 duceret.
924 1265 966 1325 Se
1009 1265 1116 1326 uidem
1135 1265 1201 1326 vir-

193 1347 253 1406 tuti
275 1364 406 1405 suornm
426 1365 491 1405 non
511 1341 678 1422 diffidere,
706 1355 851 1404 ceterum
872 1345 967 1420 seire,
986 1287 1073 1406 illam
1093 1345 1125 1403 in
1144 1345 1198 1404 n'a·

193 1425 317 1486 salibus
337 1423 450 1506 pugnis
472 1422 634 1482 minimum
659 1423 809 1484 conferre
832 1424 871 1484 ad
892 1424 1070 1488 victoriam.
1096 1423 1202 1484 Multo

194 1506 278 1564 enim
305 1505 398 1584 plura
429 1514 595 1564 ventorum
622 1501 845 1586 fluctuumque
873 1503 1019 1564 ludibriis
1047 1503 1201 1584 permitti,

193 1603 277 1668 quae
302 1583 554 1665 gubernatorum
578 1594 674 1664 atque
695 1583 853 1664 remigum
873 1583 990 1664 peritia
1011 1584 1128 1646 vitaret
1148 1596 1203 1643 aut

192 1665 259 1724 suis
291 1661 436 1744 partibus
472 1674 655 1743 opportuna
683 1662 858 1744 redigeret.
897 1666 965 1723 Nee
1000 1663 1032 1722 in
1059 1663 1202 1743 ipsarum

193 1743 322 1804 navium
347 1743 583 1802 constructione
610 1741 686 1801 nihil
707 1753 762 1801 aut
781 1760 897 1823 parum
924 1743 1036 1806 situm:
1064 1743 1108 1802 ita
1136 1743 1202 1802 Ma-

194 1823 354 1884 cedonum
375 1831 506 1882 conatus
527 1841 625 1883 vanos
645 1821 731 1898 fore,
752 1840 825 1882 cum
847 1840 902 1882 eos
923 1821 1051 1882 barbari
1071 1822 1201 1902 impune

192 1913 251 1962 'aut
272 1901 405 1962 eludere
426 1912 481 1960 aut
508 1901 623 1976 etiam,
655 1901 682 1960 si
710 1920 801 1960 casus
831 1899 981 1980 daretur,
1015 1923 1058 1983 op
1082 1901 1200 1962 rimere

179 1991 334 2062 possent.
357 1982 471 2060 Neque
491 1999 570 2040 vero
588 1979 737 2062 exiguum
753 1980 787 2040 id
802 1977 1029 2042 detrimentum
1059 1991 1200 2045 uturum.

194 2064 309 2121 'fotam
329 2058 436 2118 Asiam
458 2070 653 2118 arrecturam
676 2059 814 2136 animos,
842 2061 869 2120 si
893 2061 977 2120 iuter
1005 2060 1093 2121 initia
1122 2057 1202 2120 belli

194 2139 303 2200 clades
326 2149 458 2217 accepta
479 2138 576 2198 foret.
605 2139 786 2220 Plerosque
807 2139 989 2200 mortalium
1010 2141 1053 2200 ita
1075 2161 1202 2222 compa-

193 2230 282 2280 ratos
305 2237 397 2294 esse,
413 2229 449 2277 ut
475 2237 550 2278 eum
570 2225 681 2277 rerum
702 2231 851 2280 eventum
874 2220 1121 2300 exspectandum
1166 2241 1200 2280 u·

195 2310 276 2376 tent,
297 2317 393 2381 quem
415 2297 632 2379 estprincipio
654 2295 860 2359 successuum
875 2319 931 2380 spe
955 2311 1009 2360 aut
1028 2299 1125 2360 sormi
1149 2303 1200 2359 ine

193 2389 442 2460 praeceperunt.
481 2379 526 2437 Et
545 2397 584 2438 ne
607 2377 648 2437 de
668 2377 744 2438 Asia
763 2377 964 2456 dubitemus,
985 2379 1106 2472 inquit,
1128 2379 1199 2472 quis

193 2458 272 2518 mibi
292 2456 484 2538 praestabit,
514 2457 656 2518 Graecos
681 2457 713 2516 in
736 2455 801 2518 lide
822 2478 998 2536 mansuros,
1019 2479 1045 2519 si
1065 2457 1202 2520 felicita·

193 2549 261 2598 tem
281 2538 368 2596 illam
391 2537 602 2618 exspiravisse
625 2537 766 2612 credant,
788 2559 903 2620 quam,
927 2539 954 2598 si
979 2559 1093 2600 verum
1119 2558 1201 2598 ama·

193 2637 276 2694 mus,
295 2636 389 2676 unam
410 2615 442 2676 in
468 2616 559 2678 nobis
586 2615 802 2677 reverentur?
842 2617 941 2678 Plane
971 2617 1012 2678 ad
1040 2618 1202 2681 fortunam

193 2716 298 2756 meam
317 2695 480 2775 pertinere
509 2695 667 2763 arbitror,
701 2694 790 2776 quod
818 2697 923 2780 aquila
950 2718 1036 2778 pone
1066 2698 1201 2758 classem

195 2785 367 2855 conspecta
383 2787 442 2849 est,
464 2776 562 2858 idque
585 2774 661 2842 boni
681 2792 846 2835 successus
868 2797 962 2837 omen
981 2777 1120 2859 accipio:
1145 2776 1202 2837 sed

193 2853 257 2917 hoc
278 2852 446 2934 manifesto
468 2854 628 2936 promittit
652 2853 837 2935 augurium,
865 2877 923 2917 nos
944 2856 1084 2918 bostium
1104 2875 1201 2917 naves

159 2948 215 3004 se
235 2933 418 3024 gentinente
428 2944 670 3016 'expugnaturos
684 2947 772 3008 esse,
793 2956 864 2995 nam
880 2955 1035 3018 praesaga
1050 2936 1201 2998 victoriae

195 3015 272 3090 ales,
292 3033 355 3074 non
376 3013 408 3072 in
428 3013 572 3088 navibus,
597 3011 654 3072 sed
677 3012 709 3072 in
729 3013 826 3074 litore
847 3016 999 3093 constitit,
1019 3036 1079 3077 nec
1100 3017 1202 3097 magis

194 3105 362 3170 eventum,
392 3115 486 3178 quam
507 3095 614 3155 locum
637 3092 777 3153 ostendit
796 3093 883 3154 belli.
924 3097 1003 3154 Nam
1032 3096 1058 3155 si
1087 3091 1138 3170 ⁴),
1167 3106 1202 3152 ut

195 3167 370 3256 coepim'us,
393 3173 565 3236 maritimas
588 3171 685 3234 urbes
706 3173 806 3234 uestri
827 3174 906 3235 iuris
928 3173 1102 3256 allicimus,
1122 3175 1200 3235 Per-

194 3323 393 3341 mutto-0

263 3411 291 3482 l)
310 3412 414 3464 Arriam
437 3425 461 3477 r,
478 3411 505 3475 6,
524 3417 568 3468 31.
