2660 3864
389 357 505 414 suern
524 342 562 412 rs
581 360 617 428 Q.
637 333 797 412 enarum
814 344 846 411 t.
863 359 897 411 n.
1101 367 1135 420 n
1193 315 1194 320 Ν

134 511 249 594 peritia
282 505 326 591 19)
353 511 450 594 longe
484 493 642 571 eminebat
669 509 826 572 Memnon.
876 509 905 570 Is
939 527 990 567 ma
1034 521 1136 602 opere

134 591 308 666 suadebat,
328 603 375 667 ut,
396 589 652 663 retrocedentes,
674 595 768 649 o'mne
790 587 876 672 quod
897 588 969 649 usui
1012 587 1136 648 ostibus

136 691 207 734 esse
228 676 353 752 posset,
374 673 470 752 longe
490 670 618 753 lateque
643 677 905 751 corrumperent3
925 667 1077 752 quidquid
1100 668 1134 728 in

135 772 248 832 campo
274 749 443 811 herbidum
470 758 570 824 esset,
598 749 742 831 equitatu
774 749 1012 826 conculcarent3
1046 739 1168 810 vicost

135 831 299 915 urbesque.
319 824 534 906 incenderent,
555 828 631 890 nihil
651 831 783 911 praeter
796 829 915 890 nudum
936 830 1040 890 solum
1060 829 1149 890 reli-s

135 911 229 976 atari,
271 909 333 972 Vix
354 911 445 970 unius
460 910 581 970 ‘mensis
604 921 782 970 commeatu
801 910 990 970 instructum
1010 908 1137 970 venisse

135 991 363 1067 Macedonem,
392 991 542 1072 deinceps
570 989 663 1072 rapio
691 990 861 1054 victurum.
909 991 956 1051 Ea
988 989 1080 1070 copia
1108 989 1136 1049 si

137 1072 303 1152 eripiatur,
324 1071 416 1132 brevi
436 1085 640 1132 recessurum
662 1091 742 1131 esse.
783 1067 829 1130 l'ta
850 1080 951 1152 parvo
973 1070 1137 1152 impendio

136 1153 198 1212 toti
217 1153 312 1213 Asiae
341 1151 474 1215 salutem
501 1151 622 1234 quaeri.
665 1151 771 1212 'Prista
797 1150 829 1210 id
849 1151 995 1234 quidem:
1024 1150 1135 1211 sedin

137 1225 224 1292 omni
250 1233 398 1314 negotio,
431 1231 489 1291 ubi
516 1231 695 1313 periculum
719 1231 897 1307 immineat,
924 1231 957 1292 id
987 1241 1136 1312 spectare

135 1311 331 1394 prudentes,
358 1323 509 1404 utquam
534 1310 662 1371 minimo
684 1309 797 1370 damno
821 1310 1046 1394 defungantur.
1088 1313 1174 1374 nat

135 1392 296 1469 medicos,
326 1391 353 1451 si
374 1399 526 1471 correpta
546 1400 637 1471 parte
658 1390 805 1471 corporis
828 1389 976 1451 morbum
996 1391 1028 1449 in
1050 1402 1136 1450 ceto-

135 1492 187 1533 ras
208 1471 351 1531 'transiici
373 1470 519 1546 videant,
546 1469 638 1530 unius
668 1470 803 1530 membri
829 1470 950 1532 iactura
978 1490 1038 1552 pro
1060 1469 1135 1530 reli-

138 1551 195 1635 qui
209 1551 354 1632 corporis
368 1550 584 1612 incolumitate
599 1549 725 1632 pacisci.
767 1553 880 1635 Neq'no
894 1549 926 1612 id
947 1551 1014 1610 sine
1029 1570 1135 1611 exem-

160 1633 192 1692 lo
212 1630 354 1692 facturos
378 1632 503 1695 Persas.
544 1630 597 1692 Sic
622 1630 698 1690 olim
711 1631 844 1691 Daritim
863 1649 975 1713 regem
995 1630 1079 1712 ipsas
1098 1630 1135 1691 il·
1236 1633 1239 1646 '

134 1652 181 1771 iias
216 1711 365 1791 regiones
401 1710 564 1794 urbesque
597 1711 786 1787 vastavisso,
817 1732 858 1772 ns
886 1710 1008 1791 Scythis
1034 1710 1135 1774 isthac

133 1790 317 1851 transituris
337 1797 489 1871 receptus
511 1803 605 1852 esset.
645 1793 689 1852 At
708 1791 735 1852 si
769 1793 873 1854 roelio
895 1789 1135 1870 contenderent,

135 1869 176 1930 dc
213 1889 332 1930 summa
361 1889 471 1932 rerum
498 1871 598 1932 aleam
624 1871 694 1936 iaci.
742 1813 846 1941 iulsis
880 1872 978 1933 semel
1007 1871 1134 1950 Persis,

77 1998 78 2001 ,
134 1967 263 2012 omnem
294 1973 362 2012 eam
384 1972 473 2013 oram
495 1952 667 2014 Alexandri
689 1951 782 2016 fore:
810 1953 949 2014 victores
972 1951 1051 2013 nihil
1071 1973 1135 2014 am·

133 2032 216 2113 plius
237 2029 413 2097 habituros.
454 2035 568 2116 Neque
580 2033 713 2095 hercule
735 2053 868 2115 parvum
889 2033 1058 2116 discrimen
1077 2033 1134 2095 im-

133 2111 277 2250 genuere
302 2115 343 2174 oh
368 2113 430 2174 vim
450 2115 671 2176 Macedonicae
695 2107 875 2198 phalangis,
895 2114 1059 2178 calenum
1078 2133 1135 2196 pe·

156 2192 276 2269 itatum,
297 2215 485 2277 quamquam
505 2216 638 2257 numero
658 2193 868 2276 superiorem,
889 2194 1009 2256 trustra
1030 2217 1050 2256 o
1075 2215 1135 2275 po·

133 2271 225 2332 sitnri
252 2287 367 2338 essent.
412 2275 512 2354 Ipsius
546 2274 661 2337 deinde
698 2274 783 2357 regis
811 2275 1022 2368 praesentiam
1049 2215 1135 2335 baud

157 2374 246 2412 arum
269 2354 375 2416 valere
398 2355 438 2414 ad
456 2355 639 2432 victoriam3
665 2355 820 2414 stimulam
838 2355 953 2414 milites
974 2373 1048 2436 spe,
1074 2373 1134 2436 pu·

133 2373 226 2508 dore,
245 2433 363 2513 glorias
371 2434 402 2492 in
417 2443 590 2512 conspectu
608 2432 808 2525 imperatoris
829 2433 1029 2496 dimicantes:
1051 2455 1134 2518 quae

134 2511 238 2574 omnia
257 2511 415 2573 baberent
435 2511 637 2590 Macedonem
660 2511 737 2592 rpsis
758 2511 870 2574 abesse
890 2511 1033 2574 Darium.
1072 2516 1134 2576 Ne·

133 2592 251 2651 minem
272 2591 453 2672 ambigere,
483 2590 560 2674 quin
586 2589 707 2655 bellum
726 2589 758 2651 in
780 2591 889 2670 aliena
903 2604 990 2654 terra
1017 2613 1133 2678 gerere

134 2680 296 2752 praestet,
330 2686 425 2754 quam
454 2671 486 2730 in
507 2688 579 2736 sua:
608 2672 641 2734 id
666 2670 868 2734 commodum
888 2671 947 2734 ade
971 2684 1079 2754 turos,
1105 2675 1133 2737 si

137 2748 305 2810 consillum
334 2764 425 2812 suum
453 2753 557 2812 secuti
584 2750 626 2815 de
646 2751 821 2814 invadenda
841 2755 931 2815 Mace
956 2755 1027 2816 onia
1046 2756 1133 2872 cogi·

134 2839 250 2893 tarent.
290 2831 376 2892 Nulli
408 2835 591 2896 ceterorum
611 2833 729 2894 ducum
749 2845 840 2916 grata
861 2834 964 2897 oratio
985 2835 1047 2899 fuit
1070 2835 1131 2918 2).

135 2909 174 2969 Id
194 2909 332 2973 fortasse
350 2913 510 2974 Memnoni
529 2913 656 2976 Rhodio
678 2911 810 2994 probari
833 2935 938 2996 posse,
961 2918 1011 2978 cui
1036 2937 1131 3000 expe·

134 2990 210 3068 diat,
231 2991 351 3052 bellum
369 2993 463 3070 trabi,
484 3004 549 3076 quo
571 2993 688 3054 diutius
708 2991 885 3056 honoribus
903 2995 1131 3082 stipendiisque

134 3071 232 3156 regiis
255 3073 491 3154 perfrueretur3
512 3074 623 3136 Persis
640 3074 823 3137 commissos
837 3072 913 3137 fidei
933 3097 1008 3140 suae
1028 3099 1131 3161 popu·

133 3150 183 3212 los
202 3153 344 3234 prodere
365 3153 549 3237 pudendum
568 3154 690 3219 videri:
713 3175 820 3238 neque
840 3156 925 3238 apud
947 3178 1058 3242 regem
1078 3179 1130 3221 ex-

136 3289 334 3305 Μ

134 3425 155 3474 P
190 3358 406 3482 ‘amful-siuka,
424 3369 451 3424 s,
462 3358 667 3481 53Diodor.t17,
686 3359 936 3480 ¹⁸'A'2m2'1ff’1i'
956 3379 996 3430 κ).
1014 3377 1040 3430 a,
1058 3375 1084 3430 3,
1103 3375 1129 3430 3.

156 3441 367 3563 ‘saltn
390 3436 457 3562 rt,
476 3435 707 3562 stistte&
722 3441 760 3548 t.
804 3437 831 3480 ¹¹
867 3446 884 3481 ⁰
915 3432 950 3481 ὼ·
970 3447 1009 3498 ¹³·
