2636 3860
184 363 238 438 ‘lv
580 377 780 431 'rancramo

191 535 224 595 in
244 531 337 596 devia
355 528 554 610 abriperetur
580 542 613 594 et
632 529 721 593 bonis
734 530 920 592 lectionibus
942 533 1091 596 damnatis
1110 557 1171 598 ma-

191 638 236 700 las
258 634 438 712 reduceret,
458 634 551 694 malui
573 645 678 696 tamen
700 635 858 718 integrum
878 637 1080 720 Zumptianae
1106 639 1169 701 edi·

192 740 285 802 tionis
306 749 442 814 textum,
472 736 510 798 ab
533 737 793 818 interpolatorum
814 741 991 802 temerariis
1011 741 1172 801 conatibus
1209 791 1214 796 .

161 915 163 926 Ι
191 841 330 908 feliciter
358 840 563 915 vindicatum,
601 842 758 919 retinere,
796 865 889 926 quam
922 865 960 906 eo
985 841 1172 924 refingendo

194 945 299 1008 denuo
322 943 532 1027 gravissimam
552 943 800 1025 interpolationis
822 946 945 1027 culpam
967 945 1173 1022 contrahere3

191 1045 288 1130 idque
319 1066 357 1107 eo
383 1044 479 1126 magis
506 1043 580 1106 mihi
606 1047 784 1109 faciendum
818 1069 888 1110 esse
923 1049 1047 1124 censui,
1077 1048 1173 1132 quod

192 1147 329 1229 Zumptii
351 1149 498 1226 rationes»,
512 1151 624 1240 procul
639 1149 735 1211 dubio
753 1151 965 1233 gravissimae,
988 1173 1075 1238 quas,
1095 1175 1172 1214 non·

191 1252 266 1312 dum
286 1251 440 1328 redditas,
460 1273 500 1313 ne
516 1253 646 1334 amplius
667 1253 757 1314 nobis
778 1253 932 1334 invideat,
955 1257 1096 1337 impense
1117 1276 1173 1336 op·

191 1366 302 1431 tamus,
328 1353 359 1412 in
374 1353 477 1414 multis
499 1355 575 1416 locis
595 1357 789 1440 ignorantur.
809 1357 909 1440 Igitur
930 1359 956 1420 si
977 1359 1101 1444 quando
1122 1379 1173 1420 re·

191 1455 292 1536 jectae
314 1455 351 1517 ab
372 1457 426 1518 illo
448 1459 599 1522 lectiones
626 1460 701 1520 mihi
731 1459 928 1540 arriderent,
955 1461 1048 1522 satius
1069 1473 1174 1520 tamen

192 1559 289 1632 duxi,
310 1558 452 1622 breviter
471 1561 511 1622 de
533 1583 569 1624 ea
587 1584 623 1624 re
644 1563 675 1623 in
694 1563 844 1625 lectionis·
862 1565 1016 1627 varietate
1031 1583 1173 1642 monere,

193 1685 286 1750 quam
315 1663 351 1722 iis
381 1663 412 1724 in
437 1676 557 1724 textum
577 1664 773 1726 intrudendis'
796 1668 973 1750 periculum
994 1667 1118 1746 subire,
1139 1678 1175 1726 ut

191 1767 438 1852 ignorantiae·et
456 1767 639 1830 temeritatis
660 1769 749 1852 argui
770 1772 830 1849 vel,
853 1773 939 1854 quod
960 1773 1057 1854 majus
1082 1771 1175 1832 etiam

193 1884 250 1949 est,
277 1870 476 1952 depravando
505 1871 613 1933 Curtio
653 1894 782 1954 operam
811 1875 936 1936 dedisse
961 1875 1099 1938 viderer.
1141 1875 1175 1934 ln

192 1976 336 2065 eligenda
357 1985 461 2034 autem
485 1975 636 2036 varietate
657 1975 818 2054 lectionis,
848 1978 935 2062 quod
959 1989 1008 2039 est
1035 1977 1175 2040 medium

193 2100 322 2155 eorum,
344 2077 473 2162 quaein
496 2081 631 2142 curanda
651 2079 710 2142 hac
732 2081 831 2142 Curtii
852 2081 990 2143 editione
1011 2093 1174 2163 praestare

194 2180 356 2257 volebam,
377 2181 508 2242 eandem
535 2183 610 2244 mihi
637 2185 742 2267 legem
761 2183 888 2264 scripsi,
920 2205 1013 2266 quam
1033 2185 1064 2244 in
1083 2184 1174 2246 ador·

193 2282 293 2360 nando
318 2283 452 2346 Caesare
472 2300 596 2348 secutus
624 2307 722 2364 enam,
742 2297 779 2346 ut
799 2307 863 2346 non
881 2286 994 2348 ‘solum
1023 2309 1104 2372 quae
1135 2286 1175 2349 ad

195 2409 302 2474 veram
319 2388 420 2451 Curtii
442 2411 566 2451 manum
587 2389 829 2473 dignoscendam
851 2389 1004 2470 gravioris
1025 2387 1175 2451 momenti

123 2478 126 2486 ¹
194 2509 264 2554 esse
288 2491 484 2572 viderentur,
511 2494 722 2576 respicerem,
751 2491 808 2554 sed
832 2491 1015 2552 discentium
1042 2489 1175 2552 maxime

105 2631 107 2636 .
194 2595 318 2656 utilitati
348 2595 541 2660 inservirem.
582 2597 727 2682 Denique
754 2596 904 2659 Notitiam
936 2593 1107 2682 literariam
1135 2588 1175 2654 de

195 2699 238 2791 Q.
261 2697 369 2759 Curtio
390 2701 487 2778 Rufo,
508 2721 587 2784 quae
610 2713 658 2760 est
680 2712 819 2761 extrema
844 2721 961 2783 operae
981 2720 1070 2760 meae
1091 2715 1174 2778 pars,

195 2801 340 2885 praemisi
348 2823 358 2882 3
385 2801 417 2862 in
445 2825 503 2886 qua
525 2802 551 2862 si
570 2801 603 2860 id
624 2815 807 2864 consecutus
833 2827 917 2882 sum,
944 2802 1030 2888 quod
1056 2821 1174 2882 propo·

194 2926 336 2984 sueram,
362 2916 397 2966 ut
424 2901 569 2987 graviora
598 2903 749 2969 Virorum
769 2907 978 2966 Eruditorum
1008 2906 1047 2968 de
1076 2903 1176 2967 Curtii

196 3019 296 3078 aetate
318 3021 350 3070 et
364 3007 487 3090 scriptis
506 3005 620 3070 iudicia
633 3009 804 3092 perspicuo
822 3020 854 3069 et
870 3020 943 3090 apto
957 3010 1066 3071 ordine
1080 3027 1176 3088 expo·

184 3132 314 3188 nerem,
330 3132 445 3194 operae
460 3111 596 3193 pretium
611 3111 686 3172 mihi
702 3112 815 3176 fecisse
830 3115 952 3180 videor.
974 3111 1096 3172 Dabam
1108 3109 1176 3168 Fri-

195 3213 288 3298 burgi
300 3215 457 3276 Badarum
472 3214 615 3296 Calendis
636 3213 784 3278 Ianuariis
800 3219 870 3280 armi
884 3214 1140 3296 MDCCCXXIX.

602 3461 782 3478 ύα-ι-ι-
