2636 3860
192 333 221 392 X
300 331 303 356 ¹
517 347 560 388 nn
581 347 610 409 p.
633 345 752 388 coarto
775 347 860 414 auro

267 496 303 562 5)
324 489 407 550 Eum
436 488 626 550 documenta
661 507 847 572 graecarum
879 486 1058 550 fabularum
1090 490 1172 552 male

130 601 146 682 J
188 590 271 674 apud
291 591 384 654 ludos
398 589 586 673 requirere,
613 590 828 654 remotissimis
855 603 960 652 autern
978 591 1104 654 illarum
1122 613 1174 654 re·
1195 613 1196 618 ¹

187 695 316 777 gionum
338 693 478 756 amnibus
499 713 612 777 graeca
631 695 757 756 nomina
776 691 952 777 imponere.

266 821 301 896 6)
322 823 497 904 Perperam
512 841 608 884 annos
629 817 732 882 omitti
746 830 779 881 et
797 817 951 880 rationem
962 818 1080 903 negligi
1095 831 1173 882 tem·

189 949 317 1009 porum,
343 924 457 1011 quibus
478 943 531 984 res
555 934 662 1007 gestae
683 921 811 987 fuerint.

265 1058 299 1127 7]
322 1052 441 1112 Contra
472 1050 696 1112 consentientia
727 1059 873 1110 veterum
900 1061 1072 1132 praecepta
1097 1051 1199 1118 Cur·¹

186 1153 264 1214 tium
291 1166 447 1237 perpetuo
478 1153 550 1217 fere
582 1153 630 1215 uti
657 1149 875 1214 declamatoris
904 1150 994 1232 stilo,
1021 1173 1038 1212 a
1066 1173 1174 1214 rerum
1240 1237 1242 1241 .

187 1267 349 1336 gestarum
368 1255 517 1324 historica
542 1255 741 1318 enarratione
764 1251 958 1338 alienissimo.

265 1381 301 1462 ὅ)
322 1381 468 1466 Denique
501 1404 574 1454 eum
589 1423 591 1428 -
609 1382 735 1444 nimiam
769 1379 940 1442 Alexandri
974 1383 1174 1446 ambitionem

189 1481 319 1544 laudare
340 1484 457 1566 potius,
474 1508 568 1570 quam
589 1487 783 1568 vituperare.

268 1655 358 1715 Hanc
382 1631 526 1748 severam
548 1658 650 1734 Curtii
662 1679 834 1722 censuram
844 1657 1024 1740 improbans
1039 1659 1099 1722 lac.
1115 1657 1176 1718 Pe-

186 1757 325 1822 rizonius
345 1760 429 1842 justo
452 1761 596 1828 acerbius
617 1763 806 1844 scriptorem
819 1774 961 1845 nostrum
982 1758 1174 1841 reprehendi

185 1875 332 1944 arguerat
360 1862 399 1924 ad
419 1863 543 1925 Aeliani
569 1864 669 1926 varias
690 1863 762 1925 hist.
788 1887 858 1948 pag.
887 1865 955 1944 728.
997 1860 1175 1941 Respondit

186 1963 290 2024 statim
314 1965 486 2030 Perizouio
509 1968 670 2044 Clericus,
691 1967 748 2028 sub
771 1967 918 2028 Theodori
940 1965 1055 2025 Gorallr'
1074 1965 1173 2024 nomi·

8 2135 12 2148 ,
84 2139 89 2148 „
177 2067 247 2142 ne,
282 2065 313 2124 in
340 2069 538 2148 praefatione
579 2071 619 2131 ad
649 2071 798 2132 Pedonem
831 2071 1051 2132 Albinovanum.
1092 2070 1173 2128 Tum

185 2171 266 2228 vero
295 2170 421 2251 scripsit
447 2173 634 2234 Perizonius
660 2174 695 2254 Q.
717 2175 846 2235 Curtium
871 2170 979 2250 Rufum
1006 2177 1173 2231 restitutam

186 2275 217 2326 in
238 2275 381 2345 integrum
402 2285 432 2334 et
457 2276 649 2340 vindicatam.
690 2277 791 2361 Lugd.
811 2279 882 2340 Bat.
909 2272 993 2352 1703.
1018 2277 1059 2351 8.,
1080 2293 1175 2358 quem

129 2393 132 2402 ¹
186 2369 301 2433 deinde
317 2373 433 2435 librum
447 2376 589 2441 Clericus
604 2382 726 2442 censuit
746 2381 777 2441 in
792 2377 1061 2440 bibliothselecta
1075 2382 1112 2439 Τ.
1123 2381 1174 2452 111,

186 2489 240 2552 ¹7¹
265 2493 343 2557 seq.‚
363 2474 418 2535 uhi
434 2488 538 2538 tamen
550 2479 684 2564 ingenue
699 2493 731 2544 et
744 2502 856 2544 severe
873 2479 973 2542 Curtii
987 2480 1104 2559 Zoilus,
1119 2483 1174 2566 qui

185 2570 223 2633 ab
246 2577 329 2636 omni
358 2577 533 2661 iniquitatis.
558 2585 686 2662 erimine
713 2573 843 2646 liberari
870 2583 997 2667 nequit,
1024 2583 1173 2662 affirmat,

185 2692 220 2734 se
242 2677 326 2738 veris
347 2679 415 2742 eius
438 2684 582 2748 laudibus
602 2689 679 2748 nihil
700 2685 868 2764 detrahere
885 2697 938 2745 aut
954 2685 1173 2748 adolescentes

112 2787 114 2794 ‘
185 2776 224 2840 ab
246 2776 468 2848 eius'lectione
489 2787 669 2869 deterrere3
691 2801 800 2852 contra
820 2786 997 2848 facundiam
1018 2786 1084 2872 eius
1104 2787 1172 2848 ubi·

185 2900 249 2963 que
269 2882 398 2950 laudare
420 2903 452 2952 et
477 2895 621 2977 egregias
643 2890 830 2967 sententias,
849 2899 986 2971 propter
1006 2911 1083 2973 quas
1106 2889 1173 2973 dig·

184 2983 328 3047 nissimus
353 2988 409 3070 sit,
435 2995 490 3077 qui
518 2995 641 3078 saepius
672 2994 767 3055 etiam
789 2991 828 3054 ab
853 2990 1104 3056 adolescentibus
1128 2996 1173 3056 le·

185 3099 279 3170 gatur
298 3101 330 3149 et
358 3113 375 3151 a
402 3097 660 3176 provectioribus
687 3107 789 3157 aetate
812 3098 844 3156 in
865 3094 983 3156 deliciis
1009 3095 1171 3162 habeatur.

186 3193 334 3252 Testatur
362 3193 461 3272 idem,
490 3219 562 3260 cum
589 3219 652 3260 non
683 3199 782 3258 semel
806 3197 922 3281 legerit
942 3197 983 3285 Q
1005 3199 1106 3259 Curtii
1125 3199 1172 3259 hi-
1250 3222 1254 3227 ·

185 3294 330 3374 storiam,
360 3313 651 3384 rerumgestarum
676 3280 888 3384 magditudine
917 3300 1051 3360 animum
1080 3323 1171 3364 suum

185 3395 282 3460 fuisse
302 3404 484 3481 perculsum
513 3417 546 3466 et
565 3402 718 3466 sermonis
745 3403 898 3486 elegantia
918 3401 1102 3484 delinitum3
1124 3404 1169 3464 ni·
