2660 3864
190 306 224 362 32
363 342 365 345 .
598 299 619 355 1.
635 291 872 358 rutmsltttntt,
936 349 938 355 ,

190 469 249 512 vos
269 446 388 523 iubent,
408 449 538 532 egregia
552 447 714 510 seminatis
726 445 884 530 praemiat
906 461 1037 518 uxores,
1051 439 1188 518 liberos,

191 540 357 611 parentes,
378 527 577 606 libertatem,
610 527 743 605 famam,
771 523 873 587 fidem
901 525 1039 606 denique
1076 533 1109 582 et
1140 519 1190 580 fas

190 611 393 670 Graecorum·
412 608 486 671 vilia
506 608 639 672 habere.
668 611 758 670 Haec
782 606 864 666 enim
879 602 1029 686 profecto
1050 599 1190 684 perdidi·

193 690 265 763 stis,
291 687 451 764 Thebani,
478 689 539 750 nisi
568 688 675 750 fraudi
703 687 939 828 violentiaetpue
968 682 1108 764 Philippi
1128 701 1190 742 una

115 831 119 846 ,
192 769 358 830 nobiscum
379 769 536 830 resistitis.
559 769 704 849 Quodsi
725 767 832 829 alicnis
852 765 882 826 la
906 763 1014 827 oribus
1030 775 1189 832 tutosvos

192 849 264 910 fore
285 868 470 930 persuasum
502 849 640 922 habetis,
671 869 794 929 vereor
815 865 855 906 ne
881 864 1075 927 magnopere
1104 842 1190 902 deci·
1252 883 1254 886 ψ

133 928 328 1046 spiamini.
352 931 479 990 Etenim
495 930 600 1012 (quod
614 929 796 1004 abominor)
810 925 960 1008 Philippo
982 925 1117 999 victore,
1138 921 1191 984 cui

193 1009 325 1070 dubium
344 1020 403 1084 est,
425 1010 500 1093 quin
519 1030 624 1093 neque
648 1021 715 1085 vos,
739 1026 844 1092 neque
866 1007 1032 1090 quisquam
1051 1004 1192 1073 Graeco·

194 1111 278 1165 rum,
298 1087 481 1150 libertatem
507 1091 593 1162 tueri
619 1089 760 1171 possitis,
791 1092 876 1170 (nam
901 1087 933 1146 in
960 1085 1025 1146 fide
1052 1082 1192 1166 Philippi

195 1170 330 1230 multum
353 1189 525 1263 reponere,
547 1191 660 1230 eorum
681 1181 740 1245 est,
761 1167 817 1253 qui
840 1167 947 1248 perire
967 1163 1052 1228 telin
1076 1185 1085 1242 3
1111 1177 1142 1225 at
1165 1163 1193 1224 si

194 1269 253 1310 nos
274 1249 418 1314 Victoria
438 1251 634 1332 respexerit,
667 1251 745 1344 quid
767 1249 806 1310 ab
829 1245 1026 1322 hominibus,
1053 1266 1132 1330 quos
1160 1244 1193 1308 in

104 1381 107 1387 .
195 1342 340 1391 extremo
363 1330 470 1391 salutis
492 1343 590 1425 atque
603 1331 761 1412 dignitatis
777 1327 957 1390 discrimine
979 1325 1193 1405 deserueritis,

195 1409 446 1491 exspectandum
465 1411 557 1492 vobis
580 1412 716 1492 putetis,
737 1409 948 1473 considerate.
990 1411 1070 1468 Nam
1097 1429 1193 1490 quae-

146 1542 152 1550 .
196 1509 321 1572 cunque
335 1490 427 1552 vohis
441 1491 739 1570 sententiasederit,
757 1487 997 1552 Atheniensibus
1017 1497 1105 1548 certe
1127 1511 1193 1550 om-

195 1571 246 1630 nia
282 1570 437 1650 experiri,
466 1592 573 1655 neque
607 1571 788 1634 libertatem
826 1569 930 1651 prius,
966 1588 1060 1651 quam
1089 1567 1194 1648 vitam‘,

197 1650 343 1711 amittere
365 1649 530 1712 decretum
552 1664 611 1718 est,
653 1651 854 1745 Quamquam
874 1649 968 1710 etiam
988 1647 1109 1709 viribus
1129 1673 1194 1714 non

197 1727 388 1790 diffidimus:
410 1730 523 1814 quibus
545 1733 572 1792 si
593 1743 714 1796 vestras
735 1731 878 1807 sociatis,
902 1727 1064 1790 coniuncti
1083 1730 1194 1814 utiquc

198 1809 383 1896 superiores
398 1812 514 1872 erimus
535 1812 636 1891 hosti,
674 1813 726 1874 eui
746 1811 861 1906 singuli
875 1829 969 1892 pares
991 1829 1061 1870 esse
1082 1831 1196 1891 possu-

198 1911 279 1951 mus.
300 1891 372 1949 Non
392 1890 573 1973 ignoramus
588 1893 763 1974 potentiam
777 1911 844 1952 erus
858 1889 1078 1964 Athenienses,
1101 1913 1195 1975 quam

154 1981 157 1988 ’
200 1971 277 2031 olim
297 1982 479 2032 nascentem
504 1985 792 2056 augescentemque
819 1969 1052 2052 praevidimus3
1085 1985 1133 2047 et,
1168 1970 1195 2032 si

201 2049 316 2110 ceteris
344 2049 543 2114 Graecorum
574 2052 686 2114 eadem
714 2071 801 2114 mens
822 2050 956 2126 fuisset,
987 2069 1202 2130 praecavere.

200 2150 282 2194 mus.
303 2128 369 2188 Diu
390 2131 473 2190 enim
493 2131 616 2193 bellum
639 2154 711 2194 cum
733 2153 772 2194 eo
789 2133 951 2226 gessimus,
973 2150 1036 2190 non
1057 2132 1097 2193 de
1121 2135 1196 2194 Aur·

201 2207 342 2292 phipoli,
368 2221 422 2270 aut
451 2213 631 2290 Haloneso,
659 2225 697 2274 ut
715 2215 878 2295 plemsque
900 2209 1111 2291 credebatur3
1138 2213 1196 2274 sed

202 2310 265 2372 pro
287 2288 388 2350 salute
419 2303 452 2352 et
480 2293 629 2354 libertate
659 2294 830 2354 Graeciae:
859 2293 962 2354 donec
985 2292 1128 2354 destituti
1155 2293 1195 2357 ab

203 2369 360 2447 omuibus,
382 2391 399 2432 a
420 2374 576 2436 nonnullis
598 2374 694 2435 etiam
715 2374 900 2514 oppugnati,
921 2393 1032 2454 pacem
1051 2393 1196 2434 necessa-

202 2451 282 2512 riam
312 2451 411 2534 magis
440 2475 533 2536 quam
562 2453 727 2516 honestam
772 2475 899 2515 ecimus.
948 2453 1013 2513 Sed
1041 2475 1126 2515 nunc
1154 2453 1196 2535 ³),

151 2581 179 2636 s
202 2531 327 2668 opinor,
351 2553 481 2613 praeses
503 2533 583 2596 arcis
606 2547 736 2596 nostrae
757 2535 915 2609 Minerva,
943 2545 976 2594 et
996 2534 1196 2618 Apollo-,Py-

202 2621 216 2670 t
239 2610 299 2687 ius,
319 2613 457 2692 patrium
477 2614 569 2676 nobis
589 2637 716 2693 numen,
738 2615 903 2696 ceterique
925 2613 1124 2676 Graecorum
1143 2617 1198 2680 Dii

203 2686 235 2768 ⁴)
261 2705 455 2770 aperuerunt
475 2696 599 2772 oculos,
620 2706 653 2756 et
673 2695 897 2762 invindictam
919 2693 1020 2755 avitae
1042 2695 1197 2760 libertatis

200 2770 399 2853 populorum
421 2793 552 2836 suornm
574 2776 694 2836 animos
716 2777 860 2836 excitant.
903 2775 1000 2836 Certe
1024 2777 1198 2841 Herculem

203 2870 268 2910 non
288 2849 354 2910 sine
382 2849 594 2934 indignatione
618 2857 718 2918 verba
751 2857 931 2936 legatorum
964 2855 1121 2916 audivisse
1137 2880 1198 2918 ar·

202 2928 319 3009 bitror,
340 2929 489 3016 Philippo
510 2936 644 3017 stirpem
665 2937 703 2998 ab
728 2936 783 2998 illo
803 2937 875 2994 Deo
895 2935 1118 3016 repetentium,
1140 2937 1198 2996 Ille

181 3033 191 3051 ,¹
205 3009 289 3073 enim
309 3025 458 3095 agnoscat
476 3017 566 3078 Deus
586 3017 726 3084 omnium
739 3015 930 3099 religionum
948 3025 1197 3092 contemtorem,

209 3199 403 3220 ,ιιι-ιι*-

200 3384 203 3391 ¹
269 3318 298 3389 3)
319 3321 456 3376 Demosth.
472 3323 506 3378 de
525 3340 635 3378 corona.
650 3345 677 3397 p.
698 3334 756 3386 272·
775 3325 804 3380 R.
824 3326 959 3394 Plutarch.
975 3328 1062 3382 Alcib.
1080 3347 1104 3382 e.
1124 3327 1149 3394 4.

273 3382 301 3456 lp)
320 3391 395 3442 Curi.
414 3394 438 3458 5,
456 3394 482 3460 5,
504 3394 530 3447 8.
902 3399 908 3409 ”
