2636 3860
441 345 598 392 ‚nortem
620 314 811 390 carnalem.
1013 340 1134 403 XXXV

133 478 398 564 derogat'irdem,
418 505 526 567 neque
546 485 578 546 in
609 489 792 550 universum
813 492 854 554 de
875 494 914 554 ii's‘
935 498 1134 578 temporibus

73 638 76 644 ,
126 581 335 664 cogitandum
362 601 482 664 censet,
504 589 559 650 ubi
576 589 663 650 orbis
678 591 838 654 Romanus
860 596 898 655 ab
920 621 974 658 mro
989 599 1133 680 principe

129 697 320 764 regeretur,
355 691 413 752 sed
440 711 512 752 cum
545 691 644 772 plures
670 692 838 772 imperium
868 697 1066 767 affectarent.
1092 700 1134 762 cf.

51 813 53 816 ·
130 789 265 864 Pinzger.
286 812 318 872 p,
339 797 387 860 97.

122 953 124 961 ,
211 894 312 975 igitur
344 897 635 979 circumspicienti,
670 920 806 982 quonam
838 912 986 982 tempore
1023 905 1134 985 plures

128 995 333 1062 exercituum
357 997 454 1060 duces
477 1011 510 1060 et
531 1001 740 1082 imperatores
763 1001 940 1064 Romanum
965 1003 1136 1086 imperium

128 1097 337 1178 dispertirem
360 1113 392 1161 et
414 1099 494 1180 eius,
515 1123 616 1182 paene
638 1102 818 1176 dilacerati,
848 1103 971 1188 singula
992 1109 1135 1171 membra
1200 1150 1203 1164 ›

128 1202 324 1280 obtinerent,
346 1205 406 1264 tria
431 1224 533 1288 eaque
557 1207 740 1289 gravissima
769 1220 929 1268 momenta
951 1223 1133 1276 occurrunt.

219 1311 250 1376 ι)
276 1307 419 1374 Primum
439 1309 538 1382 enim,
562 1329 634 1373 cum
664 1310 770 1371 occiso
797 1311 965 1372 Pertinace
993 1326 1134 1394 quatuor

129 1411 226 1470 simul
248 1413 461 1492 Imperatores
483 1410 742 1486 declararentur3
770 1410 912 1472 Orientis
934 1424 1054 1491 terrae,
1076 1415 1133 1475 Di-

125 1513 182 1574 dio
206 1513 326 1574 Iuliano
354 1516 471 1591 occiso,
494 1525 604 1574 senatu
626 1515 706 1574 clam
736 1512 938 1582 assentiente,
961 1514 1059 1574 trium
1081 1535 1132 1575 an-

127 1639 244 1680 norum
267 1617 368 1698 spatio
391 1637 408 1675 a
428 1617 528 1698 Nigro
550 1626 758 1696 regerentum
789 1615 922 1676 Albinus
945 1627 1049 1676 autem
1073 1637 1133 1698 per

127 1721 272 1813 quinque
294 1740 391 1780 annos
417 1718 589 1778 Galliarum
611 1717 826 1798 principatum
852 1730 995 1795 teneret,
1020 1719 1060 1781 de
1081 1741 1132 1782 ro*

127 1821 290 1892 stituemlo
314 1822 392 1882 orbe
406 1823 550 1882 Romano
571 1820 704 1902 cogitari
725 1843 788 1882 non
807 1821 908 1899 licuit,
930 1832 1132 1904 anteaquam

126 1927 209 1992 varii
230 1925 406 1985 dominatus
428 1921 633 1987 attestatores
656 1922 733 1993 victi
754 1935 867 1990 essent.
902 1923 904 1936 '

210 2031 243 2108 a)
274 2027 383 2088 Rebus
419 2024 629 2090 Macedonum
674 2037 747 2106 post
777 2039 914 2090 mortem
956 2025 1132 2094 Alexandri

126 2129 232 2214 Magni
254 2128 428 2190 simillimus
451 2122 519 2188 erat
543 2139 642 2192 status
671 2129 796 2210 imper-ii
817 2129 953 2197 Romani
974 2129 1033 2190 sub
1057 2130 1130 2190 Gal„

123 2237 223 2312 lieno,
245 2255 317 2296 cum
338 2231 531 2313 provinciae,
552 2232 635 2294 inter
654 2253 725 2293 sese
741 2233 930 2300 dissociatae
944 2245 977 2293 et
992 2233 1129 2295 invicem

126 2340 300 2414 diremtae,
322 2357 384 2396 non
408 2336 499 2416 regni
520 2337 628 2409 unius,
657 2335 714 2400 scd
748 2334 951 2406 diversorum
979 2338 1129 2418 imperio·

125 2465 209 2516 rum,
230 2441 313 2502 inter
335 2457 369 2496 so
392 2437 509 2496 acriter
525 2432 754 2510 dissidentium,
776 2437 917 2515 speciem
933 2437 1129 2506 exhiberent,

207 2543 242 2622 3)
265 2535 457 2600 Diocletiani
489 2547 593 2594 autem
626 2535 844 2614 temporibus,
882 2550 1023 2622 etquae
1054 2558 1128 2610 cum
1215 2623 1217 2632 ,

29 2626 57 2702 ’,
114 2623 273 2728 'proxime
296 2638 531 2730 sequebantur,
559 2635 728 2716 imperium
765 2641 941 2702 Romanum
972 2639 1128 2723 pluribus,

127 2753 222 2834 'quam
243 2763 393 2826 umquem
412 2753 521 2818 antea,
541 2741 741 2824 regnantium
767 2745 922 2828 capitibus
952 2757 1127 2819 oneratum,

125 2871 227 2940 paene
250 2846 383 2908 corruit.
854 2909 856 2915 ,

149 2993 153 3000 -
205 2959 241 3027 4)
266 2951 306 3011 At
326 2967 406 3010 vero
428 2969 501 3018 cum
523 2950 626 3010 aetate
649 2949 752 3012 Curtii
772 2950 967 3019 Parthorum
990 2943 1126 3034 regnum

114 3053 172 3136 29)
194 3055 297 3116 adhuc
320 3063 418 3111 staret
445 3062 477 3111 et
504 3069 583 3111 anno
608 3053 667 3116 2⁸26
689 3053 817 3113 demum
843 3052 1123 3124 considerandae

124 3160 303 3242 posteriora
332 3165 509 3229 momenta,
543 3153 679 3223 Gallieni
700 3176 813 3224 aerum
842 3153 914 3224 dico
946 3166 976 3222 et
998 3153 1125 3224 Diocle·
1195 3193 1197 3206 ·

129 3295 326 3310 Μ

176 3399 219 3467 29)
238 3402 273 3453 ci.
296 3397 418 3449 Curtium
439 3395 470 3460 V,
489 3411 513 3462 7,
533 3395 560 3448 8.
581 3395 625 3448 Vl.
642 3411 668 3446 ι.
