2660 3864
169 345 204 398 os
428 395 431 402 ,
538 337 560 387 1.
585 334 798 390 atunellum

157 479 219 548 ‘sm
247 483 442 569 pmehactos
471 481 622 546 reddunt.
661 484 824 566 Numquid
860 485 1060 564 sedebimus,
1097 487 1172 550 dum

170 569 339 630 auotoritas
359 564 426 625 eius
447 566 674 642 confirmetur,
706 575 740 624 et
764 563 860 626 rebus
883 565 969 626 domi
994 589 1053 645 per
1074 571 1173 629 otium
1204 574 1206 579 '

171 646 372 730 compositis,
408 643 496 704 ultro
529 644 649 705 bellum
676 645 708 705 in
734 645 948 706 Macedoniam
975 647 1173 710 transferat?

171 729 269 790 Multa
290 725 460 788 celeritatis
481 725 732 805 praemissum,
761 747 842 808 quae
862 727 954 788 nohis
974 729 1170 790 cessantibus

170 809 209 870 ad
233 807 358 876 hostem
385 805 598 886 pertinebunt.
638 808 785 888 Magnum
804 806 836 866 in
863 807 1018 872 eiusmodi
1038 811 1173 892 negotiis

169 899 361 950 momentum
390 897 463 966 post
490 906 524 945 se
544 885 641 948 trahit
663 888 764 968 prime
791 887 965 949 animorum
994 889 1169 954 inclinatio:

170 969 280 1030 stilla
307 987 434 1050 semper
461 969 629 1046 occupanti
656 973 762 1048 parata
796 979 855 1030 est.
911 969 1040 1056 Quippe
1077 991 1168 1032 nemo

79 1069 81 1072 ·
170 1061 354 1110 cunctanter
392 1047 513 1126 appetit
546 1047 689 1108 fortioris
723 1049 871 1130 gratiam:
916 1069 1016 1130 porro
1051 1051 1170 1111 fortior

169 1129 318 1210 habetur,
338 1126 396 1210 qui
420 1125 516 1204 inl'ert
531 1125 659 1199 bellum,
683 1149 777 1210 quam
798 1129 852 1212 qui
873 1130 999 1210 excipit.
1043 1133 1168 1213 Quanto

171 1222 276 1271 autem
308 1207 543 1270 existimationis
576 1221 703 1269 nostrae
731 1209 875 1290 periculo
904 1209 1054 1272 fallemns
1083 1233 1172 1292 spem

171 1311 300 1368 eorum,
322 1290 378 1372 qui
401 1285 655 1350 adolescentibus
679 1289 771 1352 nobis
793 1311 866 1352 euna
886 1290 1044 1352 honorum
1064 1291 1172 1352 defer-

171 1372 286 1432 endum
312 1369 547 1446 iudicaverunt,
568 1390 662 1452 quem
684 1368 836 1430 maximus
862 1371 1052 1452 imperator,
1080 1385 1171 1453 pater
1212 1409 1216 1426 .

171 1472 276 1527 meus,
302 1461 376 1532 post
406 1459 455 1509 tot
481 1449 607 1510 virtutis
635 1450 850 1533 experimenta
876 1451 984 1533 paullo
1006 1455 1076 1512 ante
1103 1451 1171 1514 obi·

170 1543 238 1592 tum
259 1528 417 1592 obtinuit?
445 1531 515 1589 Non
538 1531 569 1609 l³)
591 1531 673 1592 enim
693 1531 766 1592 ideo
791 1532 987 1594 Graecorum
1006 1533 1171 1593 concilium
1219 1571 1222 1576 -

146 1611 341 1692 'imperium
361 1608 450 1670 nobis
467 1609 632 1685 decrevit,
660 1624 696 1672 ut
715 1612 746 1671 in
766 1612 951 1674 Macedonia
978 1611 1102 1673 desides
1138 1624 1172 1672 et

170 1691 288 1774 ignatis
319 1689 534 1770 voluptatibus
576 1691 691 1752 addicti
731 1692 858 1752 iniurias
894 1693 969 1753 olim
1002 1704 1035 1754 et
1068 1713 1170 1773 nuper

171 1775 296 1833 Graeco
317 1770 434 1830 nomini
447 1770 544 1832 illatas
560 1773 804 1855 negligeremus:
826 1773 884 1834 sed
897 1785 932 1834 ut
945 1779 1067 1844 eorum,
1088 1792 1169 1856 quae

169 1873 228 1940 per
256 1872 408 1912 summam
428 1853 608 1932 superbiam
635 1852 780 1934 improbe
802 1866 835 1913 et
855 1853 1035 1935 petulanter
1061 1853 1093 1912 in
1112 1873 1170 1914 nos

170 1933 556 2012 cominise1·unt,.poenas
586 1934 773 2014 penderent.
821 1933 908 2014 Quid
935 1932 1037 1991 dicam
1063 1932 1104 1991 de
1131 1933 1169 1990 iis

171 2014 368 2074 Graecorum
395 2012 589 2088 nationibus,
623 2029 701 2094 quas
732 2013 794 2070 late
824 2032 885 2092 per
903 2010 1009 2070 Asiam
1038 2008 1168 2070 diffusas

170 2091 389 2173 impotentium
416 2091 623 2154 barbarorum
646 2090 845 2152 intoleranda
872 2089 1009 2150 servitus
1030 2087 1169 2169 premit?

170 2170 329 2256 Equidem
359 2173 387 2250 5)
418 2171 541 2254 quibus·
561 2192 663 2252 nuper
690 2168 857 2251 precibus,
877 2168 1054 2252 quibusque
1075 2190 1169 2252 argu—

169 2252 281 2314 mentis
303 2271 427 2326 oausam
447 2270 558 2312 eorum
580 2251 692 2311 Delius
707 2249 862 2332 Ephesius
884 2250 996 2333 egerit,
1017 2269 1088 2310 eum
1109 2250 1169 2330 ipsi

168 2333 385 2404 memineritis,
398 2353 460 2391 non
475 2343 627 2412 repetam.
645 2331 677 2390 ld
691 2351 764 2392 sane
780 2342 911 2408 constat,
927 2350 982 2392 eos
998 2350 1117 2408 omnes,
1132 2341 1169 2390 ut

170 2415 306 2496 primum
325 2412 411 2493 signa
425 2423 531 2472 nostra
552 2411 784 2494 conspexerint,
801 2413 943 2493 protinus
965 2411 1005 2474 ad
1025 2432 1083 2472 nos
1098 2431 1167 2471 esse

169 2495 374 2565 transituros,
401 2503 435 2551 et
459 2500 518 2560 pro
547 2491 770 2554 liberatoribus
802 2491 1077 2576 assertoribusque
1102 2492 1166 2552 suis

168 2576 321 2648 adversus
343 2579 455 2654 grates
479 2571 668 2656 iniquosque
689 2571 832 2636 dominos
855 2572 1021 2657 quodlibet
1040 2571 1166 2653 pericu-

169 2656 235 2731 lum
263 2653 396 2745 impigre
427 2665 639 2734 suscepturos.
680 2653 878 2736 Quamquam
898 2653 974 2736 quid
993 2651 1093 2714 nostri
1112 2671 1167 2731 pa-

168 2736 249 2796 riter
276 2732 478 2814 hostiumque
506 2734 595 2794 obliti
622 2734 734 2794 auxilia
758 2733 1026 2813 circumspicimus
1055 2731 1166 2792 adver-

169 2837 221 2875 sus
247 2823 375 2896 gentes,
397 2833 474 2893 quas
495 2813 588 2873 etiam
608 2813 714 2894 paullo
738 2811 852 2874 lentius
873 2813 984 2874 vicisse
1005 2837 1022 2874 a
1041 2811 1165 2906 pudore

192 2917 263 2955 uam
285 2891 386 2974 gloria
405 2892 538 2973 propius
559 2891 719 2953 abfuerit?
748 2895 878 2954 Petrum
901 2914 980 2956 aevo
996 2895 1025 2973 ⁶)
1048 2915 1077 2953 m
1096 2890 1166 2952 Asi-

169 2997 219 3036 am
248 2970 402 3054 profeetis
422 2971 744 3035 Lacedaemoniorum
767 2975 875 3056 paneis
899 2975 1041 3056 ingentes
1069 2971 1166 3033 hosti·

169 3077 224 3114 um
248 3051 406 3114 exercitus
433 3051 551 3113 frustra
577 3055 776 3116 restiterunts
809 3053 995 3137 Phrygiam,
1018 3053 1165 3133 Lydiam,

169 3130 429 3216 Paphlagoniam,
460 3133 511 3215 agi
537 3134 680 3222 ferrique
704 3136 807 3220 passis
833 3149 886 3198 aut
907 3140 1032 3220 quoties
1059 3145 1165 3196 vetare

180 3248 364 3268 μ’*

236 3319 266 3382 d)
284 3303 397 3366 Diodes.
421 3333 460 3384 17,
481 3320 521 3371 m.

237 3399 251 3448 5
283 3383 418 3436 Plutarch.
436 3387 493 3438 sdv.
511 3388 601 3438 Colot.
621 3405 643 3438 c.
664 3390 704 3439 50.

235 3459 250 3506 o
277 3452 412 3504 Plutarch.
431 3459 529 3524 Agesil.
550 3476 573 3508 e.
591 3463 616 3514 8.
637 3474 695 3524 sqq.
