2660 3864
382 360 498 416 SUPPL.
520 363 556 413 itt
576 361 608 427 Q.
630 356 789 412 cuntium
805 362 835 411 L.
863 360 884 410 1.
1102 373 1135 430 gl

127 527 238 591 campo
261 506 473 572 circumdatos
499 520 726 592 occupaverat,
748 509 780 568 in
801 508 1002 571 occasionem
1025 488 1137 590 gaien-

128 589 188 650 dae
221 589 270 648 rei
291 588 438 650 intentus.
478 589 581 672 lgitur
608 590 762 651 adversus
789 588 1022 670 oppidanorum
1044 605 1139 671 eriip·

127 669 248 730 tionem
269 679 361 750 parte
382 671 542 731 exercitus
564 670 596 730 in
619 669 730 730 castris
754 669 884 743 relicta,
919 689 992 728 cuin
1021 672 1138 730 ceteris

128 748 229 830 cop-iis
255 748 391 830 impigre
417 749 586 830 profectus
614 761 664 810 est
672 771 681 826 3
711 749 898 830 territisque
926 748 1037 828 Illyriis
1063 769 1137 812 suos

128 827 253 907 recepit
273 828 458 890 incolumes.
492 833 643 892 Ceterum
665 830 727 890 iter
749 828 875 889 facturo
890 829 1059 887 maximum
1083 849 1139 910 pes

127 907 264 969 rieulum
289 905 483 972 imminebat.
523 910 605 970 Hinc
633 907 767 986 flumen,
795 907 868 968 inde
898 909 1062 990 praerupti
1091 931 1139 969 ar-

128 989 247 1069 duique
275 986 375 1048 colles
405 987 486 1050 viam
507 986 728 1066 coarctabant,
760 989 875 1051 relicto
897 987 1029 1064 itinere,
1051 989 1166 1071 quod*

127 1066 235 1128 multis
256 1065 336 1128 locis
358 1067 410 1129 vix
439 1081 614 1153 quaternos
644 1080 782 1129 armatos
807 1078 956 1150 caperet:
984 1071 1139 1129 montium

127 1147 209 1285 iugis
232 1146 332 1208 Clitus
354 1159 450 1230 atquc
465 1149 611 1211 Glaucias
634 1149 872 1230 sagittariorum
894 1159 926 1208 et
941 1147 1139 1210 l'unditoruiii

129 1246 167 1288 co
192 1238 280 1288 ortes
310 1247 520 1312 magnamque
549 1230 655 1310 gravis
678 1241 1009 1293 armaturaemaniim
1038 1228 1139 1308 impo-

129 1317 267 1367 suerant.
308 1307 501 1386 Alexander,
523 1308 669 1368 ducentis
691 1307 851 1388 equitibus
873 1317 944 1366 ante
966 1317 1139 1388 utrumque

128 1384 290 1466 phalangis
307 1403 408 1446 cornu
420 1387 598 1461 collocatis,
612 1387 764 1466 imperat,
784 1397 819 1444 ut
841 1385 1003 1465 erigerent
1018 1384 1121 1444 hastas
1130 1405 1139 1460 ;

128 1485 203 1526 mox
221 1465 312 1544 siguo
328 1465 403 1525 dato
418 1485 531 1527 versus
543 1463 664 1541 hostes,
679 1476 828 1547 tanquam
842 1463 997 1544 impetum
1012 1462 1141 1540 facturi,

129 1543 260 1603 infestas
276 1544 526 1623 protenderent,
549 1544 646 1605 modo
670 1545 702 1604 iii
721 1543 885 1617 doxtrum,
908 1543 1003 1603 modo
1016 1544 1050 1602 in
1070 1544 1141 1606 sini·

41 1668 46 1681 .
130 1634 232 1682 stium
249 1622 331 1682 latus
353 1623 490 1684 invicem
514 1625 670 1686 conversi.
706 1621 873 1704 Suspensis
894 1642 934 1684 eo
959 1635 1140 1685 commento

129 1701 287 1777 hostibus,
303 1700 493 1786 phalangem
514 1703 629 1784 raptim
647 1723 854 1796 progressam
874 1702 1005 1764 nuncin
1025 1695 1144 1784 plures'

130 1780 213 1842 acies
229 1781 360 1858 diducit,
375 1802 457 1843 nunc
473 1781 606 1845 divisam
625 1783 763 1876 colligit:
786 1781 825 1842 ad
845 1791 1022 1853 extremum
1038 1801 1140 1845 cniieo
1155 1797 1175 1831 N

129 1860 226 1935 facto,
238 1861 270 1920 iii
284 1863 374 1924 laeva
389 1862 569 1943 lllyriorum
581 1862 738 1943 praesidia
751 1870 881 1922 strenue
892 1862 1003 1922 infert.
1016 1864 1074 1938 llli,
1090 1883 1141 1924 ce-

129 1940 255 2003 leritate
279 1953 311 2004 et
333 1943 448 2024 peritia
469 1941 679 2004 Macedonum
690 1942 721 2002 in
738 1953 902 2022 stuporem
921 1942 1014 2022 versi,
1032 1944 1142 2004 desei·-

129 2021 181 2098 tis,
202 2041 283 2118 (pios
296 2033 475 2102 tenuerant,
496 2023 666 2098 montibus,
685 2019 799 2084 vorsus
814 2022 925 2084 urbem
941 2023 1141 2105 rclbgeriint.

130 2103 230 2163 Pauci
258 2103 441 2165 restiterant
474 2102 505 2164 iii
534 2103 621 2164 edito
648 2103 750 2179 colle,
787 2123 848 2185 qua
882 2103 942 2163 iam
972 2105 1142 2164 transierat

129 2183 338 2244 Macedonum
372 2205 495 2267 agmen.
549 2183 589 2244 lis
621 2183 770 2258 deiectis,
807 2182 988 2244 Alexander
1016 2184 1140 2245 duobus

130 2259 202 2322 l'ere
231 2263 369 2324 millibus
396 2263 610 2346 Agrianorum
638 2262 938 2344 sagittariorumque
959 2264 1066 2322 locum
1093 2285 1142 2324 ca-

130 2341 188 2420 pit,
211 2343 368 2424 phalangi,
391 2365 484 2426 quam
500 2341 619 2403 {lumen
638 2342 854 2401 transmittere
879 2343 1023 2417 iusserat,
1050 2359 1141 2422 prae-

129 2420 211 2481 sidio
233 2421 371 2485 futurus.
413 2425 460 2481 Ea
480 2441 517 2480 re
539 2428 721 2510 conspecta,
742 2420 891 2480 universa
904 2418 1041 2478 hostium
1063 2422 1141 2480 mul·
1189 2460 1195 2469 ·

130 2499 233 2561 titudo
259 2500 323 2560 iter
350 2500 389 2560 ad
416 2509 540 2560 montes
570 2497 722 2576 arripuit,
750 2517 790 2557 eo
814 2497 962 2573 consilio,
984 2509 1020 2556 ut
1041 2511 1141 2560 trans-

130 2578 212 2639 iecta
243 2579 334 2660 gravi
360 2589 535 2654 armatura,
562 2587 738 2640 extremum
769 2593 896 2713 agmen,
927 2576 958 2636 iii
988 2598 1051 2660 quo
1072 2579 1141 2660 ipse

131 2676 190 2716 rex
213 2657 405 2718 transiturus
426 2665 514 2734 erat,
541 2656 753 2717 adorirentur.
810 2655 863 2729 lle,
889 2655 966 2716 nihil
990 2659 1141 2736 territus,

133 2736 295 2797 venientes
316 2735 446 2797 sortiter
466 2737 598 2818 excipit:
615 2735 708 2797 simul
730 2734 864 2816 phalanx
878 2735 1004 2799 sublato
1026 2737 1140 2802 clamo·

132 2831 188 2891 re,
205 2815 295 2900 quasi
321 2815 439 2877 iterum
467 2817 650 2878 transmisso
674 2835 764 2876 amne
793 2813 935 2876 subsidio
957 2819 1020 2878 suis
1040 2815 1140 2894 itura,

132 2908 251 2956 motum
269 2896 399 2956 incussit
420 2896 511 2960 hosti.
534 2899 611 2958 Nam
633 2915 703 2972 rex,
724 2914 807 2977 quae
829 2910 1014 2972 evenerunt,
1033 2896 1140 2959 littura

132 2987 229 3053 ratus,
251 2989 479 3069 praeceperat,
503 2987 539 3037 ut
559 2978 591 3037 iii
612 2975 778 3036 adversam
793 2975 896 3056 ripam
918 2977 1014 3036 delati
1037 2979 1140 3038 statim

132 3057 235 3117 aciem
258 3068 469 3132 instruerent,
495 3056 624 3118 laevum*
642 3073 759 3132 cornu,
789 3055 876 3138 quod
900 3075 916 3114 a
937 3053 1067 3117 llumine
1086 3056 1142 3118 ho-

132 3136 297 3221 stibusque
320 3137 452 3218 propius
467 3135 586 3212 aberat,
606 3136 637 3195 iii
659 3136 799 3216 speciem
815 3135 1021 3198 multitudinis
1044 3153 1141 3219 quan-

134 3227 199 3276 tuin
223 3229 355 3298 possent
378 3217 579 3298 explicantes.
621 3217 732 3296 ltaque
756 3231 827 3275 cuin
846 3214 1030 3277 universum
1052 3237 1141 3280 cxci·-

132 3296 231 3356 citum
252 3297 439 3358 incumbere
463 3295 521 3357 sibi
541 3306 691 3374 putarent
712 3294 885 3370 'l'aulantii,
909 3297 1071 3377 paulisper
1091 3313 1141 3357 re·

132 3387 359 3438 trocesserunt.
400 3376 434 3435 ld
455 3375 590 3456 spatium
619 3385 729 3434 nactus
758 3375 938 3436 Alexander
967 3391 1042 3437 suos
1070 3397 1140 3458 rap-

134 3455 190 3516 tim
216 3457 254 3517 ad
276 3455 394 3519 liunicn
416 3455 519 3517 ducit:
549 3475 613 3539 quo
647 3453 702 3513 ubi
721 3463 850 3515 tentum
879 3460 945 3564 est,
965 3455 1034 3536 ipse
1057 3453 1141 3518 inter
