2636 3860
403 365 524 426 suern·
536 365 573 424 m
591 371 626 440 o.
644 369 801 423 courum
819 373 849 424 n.
867 372 888 424 1.
1054 398 1060 415 x
1105 375 1147 427 27¹

138 514 317 597 niioudae,
336 512 502 582 ‘clarissimi
517 511 726 602 vimperatoris
739 537 740 542 ¹
751 518 1003 603 sanctissimique
1024 515 1085 578 viri
1099 507 1149 596 ³),

137 623 212 662 cum
238 597 336 682 ipsius
363 601 507 662 moribus
535 621 553 660 a
580 613 693 662 tenera
720 611 823 662 aetate
857 599 1023 660 caritatem
1052 597 1143 658 urbis

140 693 268 743 vestrae
288 680 433 758 imbibit:
454 691 577 760 vestras
599 691 633 742 et
656 681 813 764 Apollinis
833 679 962 740 iniurias
982 677 1142 738 Phocensi

139 761 228 822 bello
249 759 333 820 ultus
356 771 415 837 est,
437 781 509 822 eum
523 759 743 824 xAthenienses
766 761 841 822 odio
864 759 963 821 vestri
984 757 1147 842 sacrilegis

139 841 252 904 auxilia
273 841 452 902 mitterent:
476 841 595 902 iterum
622 841 781 904 communi
811 839 842 920 t)
876 839 1144 920 Amphictyonum

140 922 274 982 decreto
303 933 469 999 exoratus,
510 921 652 983 ciusdem
686 921 822 984 numinis
861 919 1086 980 contumeliam
1113 918 1147 978 in

140 1005 263 1064 Locros
286 1000 474 1062 vindicavit:
502 999 565 1062 hue
596 1023 724 1088 quoque
753 999 924 1083 profectus
946 1011 1012 1076 est,
1033 1009 1069 1058 ut
1091 1015 1147 1060 re·
1197 1063 1203 1072 Ι

141 1083 214 1143 stris
236 1081 414 1141 commodis
436 1079 629 1160 consuleret,
646 1105 707 1144 non
723 1082 938 1154 abscessurus,
963 1079 1067 1140 donec
1089 1097 1147 1139 vos

141 1173 228 1222 metu
250 1162 395 1232 aemulae
426 1161 636 1256 inimicaeque
666 1161 801 1228 civitatis
831 1161 975 1221 solverit.
1016 1159 1051 1219 ld
1080 1159 1148 1220 sive

144 1241 367 1304 communibus
396 1242 535 1303 consiliis
565 1243 751 1326 viribusque
785 1241 883 1302 lubet·
905 1259 981 1302 exse
1026 1239 1054 1319 i,
1086 1259 1150 1298 non

142 1334 240 1397 vetat,
262 1341 327 1404 quo
349 1321 452 1382 minus
473 1322 505 1382 in
526 1323 665 1402 praedae
691 1321 800 1383 verius
830 1341 924 1402 quam
949 1320 994 1380 be
1008 1319 1029 1378 li
1049 1319 1150 1380 socie·

140 1407 239 1463 tatem
263 1400 414 1461 veniatis:
445 1400 513 1462 sive
543 1401 731 1495 quiescitis,
767 1401 934 1460 transitum
961 1398 1150 1478 concedite3

144 1484 212 1566 ipse
235 1480 449 1542 communium
469 1481 655 1558 iniuriarum
674 1481 809 1543 idoneus
829 1481 920 1540 ultor
941 1479 1013 1542 erit.
1034 1481 1150 1560 Neque

144 1563 246 1623 minus
271 1559 311 1618 ad
333 1579 389 1622 ros
411 1560 530 1622 redibit
550 1563 802 1636 emolumentum
825 1558 999 1621 victoriae:
1025 1576 1179 1640 gregem

146 1651 301 1717 armenta,
315 1639 479 1722 mancipia,
496 1661 579 1725 quae
594 1662 633 1702 ex
651 1641 797 1703 hostibus
820 1639 995 1721 capientur,
1016 1639 1150 1698 maxima

147 1743 186 1783 ex
207 1731 299 1802 parte
320 1739 418 1801 penes
441 1740 509 1794 vos,
529 1733 565 1782 ut
588 1721 721 1799 vicinos,
743 1732 856 1782 erunt:
878 1719 1150 1781 inde'Phocensis

144 1801 221 1862 belli
242 1799 355 1860 damna
376 1800 528 1862 sareietis.
562 1802 598 1862 Id
618 1805 718 1886 magis
747 1821 785 1862 ex
814 1821 874 1860 usu
900 1812 1009 1860 vestro
1031 1799 1087 1876 sit,
1115 1819 1153 1858 an

146 1893 272 1943 vestros
309 1900 403 1976 agros
445 1881 515 1958 uri,
563 1895 672 1945 vestra
714 1880 832 1963 oppida
875 1879 1064 1964 expugnari,
1106 1879 1152 1939 in-

145 1961 259 2039 cendi,
307 1959 427 2042 diripi,
470 1973 594 2024 vestras
635 1963 773 2047 denique
808 1981 862 2022 res
905 1959 956 2056 egi
993 1959 1152 2043 ferrique,

146 2041 234 2126 quod
254 2040 463 2103 Athenienses
485 2054 606 2124 optant,
630 2042 812 2126 expendite.
834 2044 913 2102 Nam
932 2040 1083 2102 iracunda
1098 2045 1193 2104 reeh

149 2137 197 2183 est
219 2135 388 2204 suspectus
411 2123 572 2186 immerito
595 2126 726 2200 candor,
749 2143 881 2206 quoque
901 2122 1035 2261 pronior
1054 2120 1178 2184 bene-x

148 2204 284 2264 volentia
306 2201 416 2280 fuerit,
439 2204 617 2266 acrioribus
639 2205 774 2266 stimulis
794 2203 827 2262 in
847 2203 901 2264 vin
924 2203 1018 2262 lotam
1040 2223 1057 2260 a
1080 2200 1185 2270 itum

148 2285 299 2344 Ceterum
320 2282 399 2342 haee
420 2283 464 2344 ita
484 2283 608 2360 refero,
629 2307 693 2348 non
709 2303 774 2370 quo
788 2282 880 2344 vobis
896 2222 1155 2364 ingratitusimem

148 2363 359 2445 exprobrem,
380 2361 420 2423 de
445 2385 507 2456 qua
527 2364 606 2422 nihil
627 2384 765 2440 vereor3
799 2383 859 2423 nec
886 2375 922 2424 ut
950 2359 1183 2422 formidinema

147 2443 314 2516 incutiam,
344 2463 408 2524 qus
431 2441 510 2501 ruhil
541 2462 623 2521 opus
658 2444 806 2503 futurum
840 2440 1001 2500 existimo:
1035 2437 1092 2498 sed
1120 2448 1165 2496 ut·

147 2521 289 2600 Philippi
309 2520 341 2578 in
363 2539 421 2580 vos
450 2519 609 2580 beneficia
639 2533 673 2582 et
700 2519 850 2582 vicissem
879 2519 910 2578 in
932 2518 1022 2578 illum
1047 2527 1155 2578 vestra

149 2601 325 2680 cogitantes
349 2598 599 2674 admoneamini,
633 2620 671 2662 ea
693 2599 822 2660 demum
843 2595 934 2658 firma
963 2609 1058 2682 atque
1083 2617 1156 2680 per·

149 2691 246 2759 petua
272 2697 342 2737 esse
371 2677 524 2754 foedera,
574 2701 636 2742 uae
664 2677 788 2742 servari
821 2680 988 2763 utriusque
1017 2677 1153 2740 intersit.

151 2756 249 2848 Quod
269 2757 295 2820 si
315 2757 435 2826 maiora
459 2771 533 2820 sunt
552 2700 638 2822 iilius
666 2759 799 2836 merita,
829 2759 921 2820 vobis
951 2779 1048 2821 curae
1081 2759 1153 2834 erit,

150 2849 186 2899 ut
207 2839 318 2898 mutuo
339 2838 370 2898 in
391 2841 481 2900 illum
505 2841 607 2903 auimo
630 2843 715 2906 sitis:
740 2839 795 2900 ille
817 2840 987 2900 maximum
1007 2839 1153 2899 laborum

149 2918 325 3001 praemium
346 2932 445 2999 putat,
466 2920 649 2984 subvenisse
665 2919 832 2993 Graeciae,
851 2941 912 3001 pro
937 2919 1026 2980 cuius
1050 2919 1154 2978 salute
1175 2898 1187 2960 l

149 3013 244 3083 atque
281 2999 432 3093 dignitate
469 3016 627 3083 perpetua
658 3024 732 3064 cum
769 2999 915 3061 barbaris
945 2999 1031 3060 bella
1059 2998 1154 3082 gerit.

149 3081 255 3164 Atque
277 3090 397 3142 utinam
424 3081 514 3142 illum
544 3083 784 3146 Atheniensium
811 3079 908 3144 furor
940 3079 1067 3163 ingenio
1095 3099 1154 3140 suo

219 3344 246 3412 3)
264 3347 355 3396 lustin.
380 3364 403 3413 7,
421 3350 445 3410 5,
466 3350 489 3399 3.

217 3413 244 3482 4)
264 3416 398 3468 Plutarch.
416 3415 555 3469 Demosth.
577 3433 600 3468 c.
620 3413 662 3480 26·
690 3413 783 3466 lustin.
799 3417 829 3480 8,
842 3423 881 3481 '1,
905 3429 948 3472 u.
969 3413 1105 3469 Demosth.
1122 3411 1156 3468 de

78 3489 86 3493 “
153 3498 254 3536 corona
273 3502 298 3552 p.
317 3485 377 3539 231·
396 3486 425 3535 ll.
