2660 3864
141 317 158 334 ⁶
204 383 240 438 oo
476 377 479 384 ⁴
575 377 597 428 r.
614 363 832 429 rotmannum

203 525 287 586 hune
309 521 444 587 ¹transire
467 532 704 586 cunctarenturt
724 523 893 585 Tredecim
915 524 1060 608 equitnm
1081 531 1205 586 narniae

156 605 277 698 >ecum
295 605 365 688 ipso
382 627 460 687 rege
476 627 535 687 per
559 607 756 668 obluctantes
777 604 876 665 aindas
900 605 950 665 vix
970 603 1084 678 cnisae,
1103 604 1206 682 prins·

208 693 304 769 quani
324 686 436 747 stabile
460 699 646 770 certumque
673 687 776 747 solum
798 685 984 768 attigissent,
1004 692 1059 744 aut
1079 685 1206 745 ordines

161 764 287 856 [inter
314 767 539 827 transeundum
574 768 697 826 luxatos
731 766 969 838 instaurassent,
1012 763 1206 827 circumfuso

203 846 374 907 Persarum
396 847 539 928 equitatu
559 846 766 928 urgebantur.
809 845 938 934 Quippe
966 843 996 924 6)
1019 863 1090 904 cum
1110 863 1206 924 repu-

203 926 289 986 diato
312 927 485 985 Memnonis
507 927 636 988 consilio
657 945 799 1008 pugnare
849 925 1012 997 lacuisset,
1041 925 1127 1004 (nam
1147 927 1207 985 Ar-

203 1005 441 1087 sitestrygiae
458 1016 591 1087 satrapa,
603 1027 643 1066 ne
659 1021 755 1066 unum
765 947 892 1089 quidem
906 1005 1069 1088 tugurium
1083 1025 1205 1082 eorum,

203 1086 260 1168 qui
281 1085 341 1146 sibi
361 1085 544 1159 subessent,
565 1087 689 1147 incendi
710 1107 744 1146 se
766 1107 950 1168 passurum,
972 1083 1187 1147 affirmaverat
1195 1105 1205 1160 3

201 1164 297 1248 inque
322 1165 388 1226 eius
410 1167 596 1226 sententiam
623 1185 640 1226 a
668 1168 785 1228 ceteris
814 1167 894 1226 itum
923 1173 1007 1239 orat)
1030 1163 1070 1226 ad
1094 1165 1206 1226 Grani·

201 1265 274 1306 cum
303 1265 425 1310 amnem
453 1265 525 1306 oum
561 1253 688 1308 centmn
721 1247 865 1328 peditum
901 1245 1059 1321 millibus,
1094 1245 1205 1340 'viginti

202 1325 355 1408 equitum,
376 1326 594 1400 consederant,
614 1324 744 1388 flumine
764 1347 825 1408 pro
839 1325 1033 1388 munimento
1052 1347 1151 1401 usuri,
1172 1338 1205 1388 et

201 1405 338 1466 vicissim
366 1427 435 1467 cam
463 1407 553 1468 velut
578 1407 671 1468 Asiae
700 1419 825 1490 portam
853 1407 991 1469 venienti
1022 1406 1203 1468 Alexandro

125 1477 181 1626 s
201 1486 393 1572 obsecuturi,
436 1487 533 1547 Cuius
555 1486 693 1549 adventu
714 1488 855 1569 cognito,
877 1488 1062 1572 equitatum,
1087 1487 1119 1546 in
1139 1509 1202 1570 quo

153 1578 157 1587 '
200 1567 302 1638 robur
326 1578 396 1627 erat
420 1567 553 1644 virium,
580 1567 624 1628 ita
645 1569 819 1644 collocant,
850 1579 886 1628 ut
915 1579 1026 1629 contra
1056 1567 1205 1628 dextrum

201 1647 411 1708 Macedonum
432 1667 543 1725 cornu,
563 1647 651 1730 quod
671 1648 739 1740 ipse
760 1668 817 1708 rex
837 1648 985 1724 ducebat,
1005 1651 1091 1730 (nam
1115 1645 1144 1725 7)
1165 1649 1204 1708 si—

201 1727 334 1786 nistrum
355 1727 557 1789 Parmenioni
578 1734 796 1804 commtserat)
819 1731 967 1789 Memnon
984 1746 1056 1790 oum
1076 1729 1149 1790 liliis
1172 1740 1205 1789 et

201 1809 324 1870 Arsene
344 1797 444 1868 Persa
463 1808 695 1872 consisterent:
717 1809 748 1868 in
771 1809 881 1870 eadem
896 1821 987 1903 parte
1011 1809 1129 1870 hrsites
1150 1830 1205 1869 cu-

202 1885 294 1946 rabat
315 1906 387 1947 oum
411 1886 652 1972 Paphlagonum
673 1890 816 1972 equitum
838 1890 979 1952 auxiliis:
1006 1890 1036 1950 in
1057 1889 1203 1950 subsidiis

202 1963 415 2044 Spithridates
437 1980 517 2043 erat,
539 1989 638 2048 gener
657 1969 754 2050 regis,
775 1969 893 2048 Libyae
918 1971 1086 2054 Ioniaeque
1107 1983 1204 2030 satra-

226 2066 252 2121 a,
273 2044 441 2108 Rhoesace
462 2047 564 2108 lbatre
593 2060 627 2108 et
657 2050 688 2107 H
727 2049 810 2109 canis
839 2039 998 2133 equitibus
1027 2051 1203 2112 comitatus.

255 2124 367 2186 dextra
390 2122 421 2206 θ)
444 2126 511 2187 acie
539 2070 780 2190 Rheomitbbcm
811 2129 875 2189 duo
904 2131 1071 2193 Medorum
1096 2131 1204 2206 millia,

199 2205 399 2289 totidemque
433 2207 609 2284 Bactriani,
649 2208 882 2291 sequebantur:
923 2213 1062 2272 medium
1079 2212 1204 2291 'agmen

200 2284 392 2363 Pharnaces,
413 2287 543 2369 reginae
564 2287 674 2366 diates,
694 2290 951 2375 Arbupalesque,
964 2292 1147 2352 Artaxerxis
1164 2312 1205 2352 ex

199 2366 301 2428 Dario
322 2388 439 2449 nepos,
462 2379 495 2428 et
522 2368 800 2445 Mithrobarzanes,
823 2373 1042 2454 Cappadociae
1062 2385 1203 2452 praetor,

201 2446 375 2540 augebant:
411 2449 449 2510 iis
485 2448 636 2532 Niphates
667 2453 887 2536 Potanesque,
922 2473 996 2513 oum
1023 2455 1142 2514 Arsace
1170 2465 1203 2512 et

199 2527 325 2608 Atizye,
345 2529 504 2590 variarum
526 2531 665 2612 gentium
687 2543 807 2593 turmas
829 2533 1053 2615 applicuerant.
1090 2535 1202 2594 litum

200 2608 401 2670 multimdinc
430 2623 463 2671 et
489 2611 562 2672 loco
590 2612 734 2691 potiores
790 2617 909 2674 rariter
935 2613 1124 2695 premebant
1145 2613 1202 2674 ho·

201 2697 298 2764 stem,
323 2691 403 2750 acris
427 2711 469 2751 ue
498 2712 604 2773 pugna
631 2633 869 2769 conserebatur,
900 2694 1035 2758 maximo
1063 2695 1203 2758 omnium

200 2767 285 2860 regis
306 2711 466 2850 periendo,
494 2791 589 2854 quem
616 2773 708 2832 armis
734 2794 893 2857 manuque
915 2787 946 2835 et
967 2775 1008 2836 im
1034 2776 1107 2838 eriis
1128 2795 1202 2837 con·

200 2866 346 2928 sprcuum
367 2850 475 2930 plures
496 2849 656 2931 petebant.
698 2851 763 2913 Sed
789 2855 913 2937 tragula
937 2855 993 2940 qui
1017 2878 1084 2934 em,
1142 2875 1202 2916 uae

200 2926 233 2988 in
251 2927 435 3010 promiscuo
459 2949 585 3013 pugnae
619 2931 735 2996 ardore
762 2931 932 2997 desinentis
960 2879 1201 3021 loricac‘qidieis

200 3186 294 3308 wop)
309 3188 418 3321 prplpn.
446 3197 471 3255 1,
489 3189 517 3258 4,
535 3203 578 3245 ²0.
594 3189 709 3252 Diodor.
736 3199 777 3264 lq,
793 3204 837 3264 ‘lo
856 3195 949 3258 lontio.
970 3204 1011 3264 11,
1032 3196 1059 3262 6,
1080 3193 1201 3246 10.Plu·

195 3380 200 3396 .
265 3327 297 3390 7)
315 3324 428 3386 Diodor.
447 3335 488 3396 17,
507 3336 548 3398 19,
568 3344 601 3384 ιο
615 3341 641 3384 et
661 3345 702 3388 aa.
720 3333 826 3384 sartan.
847 3341 870 3396 1,
889 3335 915 3396 5,
935 3343 976 3394 15.
995 3342 1024 3386 et
1043 3341 1066 3397 1,
1087 3334 1113 3398 4,
1132 3330 1172 3386 18.

266 3391 295 3460 8)
314 3392 426 3447 Diodor.
447 3405 488 3463 17.
509 3406 549 3463 19,
569 3404 827 3462 aoet21.Arrian.
849 3409 872 3466 l,
890 3404 916 3466 4,
944 3404 983 3464 18,
1010 3411 1034 3468 1,
1059 3404 1085 3466 5,
1110 3408 1149 3458 ιο.
1169 3413 1203 3449 oo

200 3471 227 3514 et
244 3464 286 3517 25.
306 3477 332 3525 a,
349 3479 375 3528 a,
394 3469 438 3532 37.
454 3467 592 3555 Plutarch.
612 3487 636 3522 c.
655 3473 698 3521 25.
