2660 3864
168 311 219 366 ror
247 273 255 288 ⁶
543 291 579 361 ‘1.
599 301 817 360 snnnsnnuu

166 455 254 516 ribus
277 453 424 517 exhausti
445 452 605 537 fractique
628 471 702 512 eum
724 450 793 532 ipsa
813 449 895 510 urbe
917 451 949 515 iu
974 449 1105 514 victoris
1129 457 1177 512 ur·¹

167 535 298 597 bitrium
320 532 553 610 concederent3
579 533 635 594 sed
658 531 733 592 dum
754 530 871 612 aliquid
891 530 1004 593 virium
1026 551 1177 611 superes·

150 627 234 688 set,
268 635 340 675 cum
370 612 491 672 robore
520 609 706 677 conductitii
735 610 841 670 militis
879 609 1112 692 erumpendum
1143 623 1178 672 et

170 694 335 766 alacribus
349 691 456 754 animis
479 713 550 755 cum
575 694 670 752 hoste
691 687 925 770 conlligendum
949 699 1029 753 esse.
1068 691 1180 754 Consi·

170 775 248 834 lium
271 794 374 847 snum,
395 793 459 854 quo
480 772 511 831 in
534 773 673 855 speciem
696 771 845 832 audacius
868 782 970 846 esset,
992 793 1031 831 co
1053 770 1125 850 plus
1147 771 1178 830 in

171 851 560 934 exsequerrdol'acilitatis
587 851 778 914 habiturum.
822 849 978 912 Hostibus
1007 851 1091 912 enim
1118 851 1179 910 alia

141 963 156 987 κ
174 933 278 992 omnia
301 933 566 1014 exspectantibus,
587 943 621 992 et
637 930 790 992 adversus
813 949 931 1005 casum,
952 931 993 990 de
1014 952 1079 1018 quo
1101 929 1178 995 nihil

172 1012 366 1088 dubitarent,
378 1013 550 1090 imparatis,
566 1008 770 1091 superfusum
785 1009 824 1068 iri
845 1031 928 1074 suos.
954 1013 1066 1093 Neque
1080 1011 1178 1072 utern-

172 1113 246 1166 non‚
269 1111 460 1184 quamquam
482 1104 576 1163 cauta
599 1089 728 1151 consilia
757 1089 910 1170 speciosis
940 1091 1107 1171 praeferre
1128 1111 1178 1150 so·

81 1221 85 1229 ,,
172 1173 258 1239 litus,
285 1171 414 1233 restitit.
451 1173 528 1234 Nam
551 1169 673 1234 etiamsi
695 1169 771 1229 nihil
791 1181 976 1240 novaretur,
998 1171 1083 1233 nulla
1103 1190 1179 1256 pro-

173 1252 290 1333 pinqua
311 1251 417 1313 auxilii
438 1271 495 1332 spe
516 1253 642 1314 tristem
671 1249 844 1314 obsidionis
867 1249 986 1316 exitum
1009 1250 1081 1312 {bre
1103 1271 1179 1329 pro·

174 1331 350 1412 spiciebat3
371 1343 414 1406 et,
436 1332 524 1392 utin
545 1343 633 1392 tanto
656 1329 854 1406 discrimine,
881 1351 943 1390 nen
965 1330 1180 1394 inconsultum

174 1411 318 1486 rebatur,
339 1411 481 1495 experiri
503 1413 605 1476 virum
627 1431 751 1488 acrem,
782 1421 815 1470 et
845 1410 901 1492 qui
921 1411 1010 1471 volut
1030 1409 1181 1470 instinctu

174 1491 313 1574 quedam
339 1491 378 1552 ad
400 1503 542 1551 extrema
563 1490 707 1554 audenda
733 1501 897 1571 ageretur.
931 1491 1032 1572 igitur
1052 1488 1180 1570 Ephial-

173 1584 234 1643 tes,
260 1571 386 1632 duobus
407 1571 545 1632 millibus
568 1593 607 1632 ex
634 1571 719 1632 omni
746 1571 1018 1634 mercenariorum
1046 1589 1180 1634 numero

175 1651 318 1724 delectis,
340 1650 426 1709 faces
448 1650 534 1713 mille
555 1669 670 1732 parare
687 1650 787 1725 iubet,
808 1649 975 1733 primaque
998 1651 1070 1710 luce
1093 1649 1182 1715 ades·

175 1741 209 1790 s'e
239 1741 273 1792 et
309 1741 446 1792 armatos
477 1743 665 1811 exspectare
696 1729 875 1812 imperium.
925 1733 1048 1812 Coepta
1073 1729 1126 1796 dic
1148 1728 1180 1809 l)

129 1829 249 1920 scum
273 1809 454 1872 Alexander
474 1809 592 1875 iterum
612 1831 705 1874 muro
727 1809 866 1875 lateritio
894 1811 1052 1878 machinas
1074 1809 1182 1877 admo-

176 1889 291 1962 visset,
327 1889 480 1952 instarent
503 1911 545 1950 ue
580 1890 771 1952 Macedones
799 1891 909 1970 operi,
943 1891 1107 1972 Ephialtes
1139 1893 1182 1971 ⁵),

177 1981 270 2048 porta
292 1967 398 2028 subito
419 1980 492 2048 pate
511 1981 590 2044 acta,
612 1969 775 2034 dimidium
797 1990 927 2035 suorum
948 1970 1089 2036 immittit
1110 1992 1182 2039 cum

177 2047 319 2121 lacibus3
346 2046 414 2132 ipse
443 2067 515 2110 cum
546 2051 662 2110 ceteris
690 2049 790 2110 denso
817 2051 939 2132 agmine
967 2051 1184 2138 subsequitur,

127 2174 132 2179 .
179 2139 215 2187 ut
236 2126 344 2187 hostes
379 2126 558 2190 incendium
585 2129 806 2208 prohibituros
836 2142 1065 2195 summoveret.
1107 2134 1182 2198 Alo,

179 2205 315 2275 xnnder,
345 2205 507 2270 intellecto
536 2210 613 2292 quid
641 2219 801 2285 ageretur,
830 2211 930 2277 aciem
959 2211 1110 2275 celeriter
1136 2214 1209 2280 ino

179 2287 284 2360 struit,
306 2286 445 2351 subsidia
467 2287 592 2350 delecto
614 2290 716 2352 milite
740 2287 854 2354 lirmat.
876 2293 1021 2374 Cumque
1042 2293 1120 2359 alios
1143 2295 1185 2358 ad

180 2367 443 2433 exstinouenenm
471 2368 577 2449 ignem
605 2370 653 2433 ire
680 2370 834 2446 iussisset,
861 2369 893 2438 in
921 2392 995 2446 eos.
1029 2375 1084 2460 qni
1110 2397 1184 2436 oum

179 2413 329 2528 Ephialte
355 2446 567 2524 advenerant,
603 2450 757 2530 impetum
784 2450 872 2514 facit.
915 2454 958 2514 At
983 2453 1037 2520 ille
1069 2457 1184 2538 insigni

183 2527 330 2606 corporis
352 2526 483 2602 robore,
505 2541 664 2614 quotquot
697 2529 849 2594 conferre
878 2532 995 2612 pedem
1017 2537 1183 2611 audebant,

181 2607 390 2680 obtruncans,
413 2627 487 2667 suos
510 2629 610 2685 tuce,
630 2621 725 2686 nutu,
755 2623 788 2672 et
809 2610 950 2698 inprimis
973 2619 1120 2700 exemplo
1142 2618 1182 2677 ad

180 2685 333 2748 virtutem
355 2685 521 2752 animabat.
563 2691 676 2776 Neque
705 2710 819 2770 parum
851 2694 1017 2760 molestiae
1040 2693 1057 2758 e
1082 2699 1183 2762 muris

182 2764 391 2831 exhibebatur
417 2765 523 2831 besti:
554 2771 675 2857 quippe
707 2779 829 2837 turrem
852 2785 979 2838 eentum
1003 2777 1185 2845 cubitorum

182 2845 303 2908 obsessi
331 2858 515 2924 erexerant,
547 2849 780 2916 tormentisne
818 2855 988 2920 commodo
1023 2858 1184 2938 dispositis

181 2925 285 2990 hastas
310 2935 342 2989 et
361 2945 434 2988 saxa
457 2926 686 2998 iaculabantur.
717 2872 813 3000 inter
832 2931 912 3002 haee
941 2931 973 3015 6)
995 2957 1035 3006 ex.
1059 2939 1186 3008 diversa

194 3113 371 3134 ...ὰ-ιη

251 3234 279 3299 4)
302 3237 407 3285 Arrian.
430 3255 451 3301 ι,
472 3253 497 3303 7,
515 3239 550 3291 16.

250 3307 265 3355 5
300 3304 536 3370 Diocloe,17‚²6.

230 3379 265 3417 ,e
302 3373 401 3421 arrian.
424 3391 445 3438 t,
466 3392 490 3440 7,
510 3382 544 3428 16.
563 3377 676 3430 [lindos.
697 3394 732 3442 ¹5,
756 3381 796 3434 26.
