2660 3864
385 360 503 418 serra.
526 361 564 416 u
587 361 621 431 Q·
640 357 798 417 cuarrun
813 361 843 416 a.
863 361 885 417 r.
1103 369 1138 423 n

122 509 230 591 patrio
258 507 420 573 vocabulo
451 507 636 578 Danubium
672 508 844 592 appellant.
891 508 1138 594 Magnitudinem

123 609 367 683 corporumque
392 589 590 652 alacritatem
612 588 784 650 admiratus
799 588 982 651 Alexander
1001 591 1139 653 interro-

123 681 213 752 gavit
235 668 278 748 ⁵),
302 668 454 753 quidnam
476 669 616 732 omnium
639 667 774 730 maxime
788 669 1002 731 vererentur?
1023 681 1138 752 putans

123 769 213 810 suam
244 748 420 842 potentiam
447 748 684 810 formidabilem
716 747 794 830 ipsis
815 767 903 820 esse,
939 768 1076 834 eamque
1102 771 1138 812 se

124 826 359 890 confessionem
391 845 629 910 expressurum.
675 827 744 904 llli,
771 827 848 889 nihil
878 847 914 889 se
943 849 1138 912 magnopere

122 907 251 985 vereri,
283 907 539 990 responderunt,
570 908 631 968 nisi
650 906 754 985 sorte,
781 929 822 969 ne
843 909 969 971 coelum
989 910 1021 970 in
1049 910 1137 990 ipsos

124 997 254 1048 rueret:
295 999 440 1049 ceterum
472 989 617 1051 virorum
647 987 782 1051 fortium
809 987 977 1050 amicitiam
1009 988 1139 1070 plurimi

124 1067 246 1132 l'accre.
287 1068 461 1130 Perculsus
490 1069 668 1151 improviso
704 1087 861 1208 responso
892 1069 1034 1150 paullum
1062 1070 1139 1130 reti-

124 1147 191 1207 cuit
198 1167 207 1224 3
234 1145 350 1208 deinde
377 1146 440 1210 hoc
467 1169 566 1209 unum
590 1147 724 1224 effatus,
783 1168 930 1209 ermanoa
952 1159 1138 1229 arrogantes

125 1246 208 1303 esse,
228 1225 363 1302 foedus,
384 1239 421 1289 ut
440 1228 578 1324 petiere,
597 1227 711 1301 iunxit3
743 1226 927 1310 Syrmoque
947 1239 981 1288 et
1003 1227 1138 1310 reliquis

125 1325 242 1388 pacem
263 1306 371 1368 dedit:
394 1319 470 1369 satis
491 1307 615 1388 gloriae
638 1326 677 1366 ea
698 1306 903 1386 expeditione
924 1319 1053 1388 partum
1073 1307 1138 1367 exi-

125 1386 271 1463 stimans,
292 1397 326 1446 et
346 1385 379 1445 in
398 1386 566 1448 Persicum
586 1384 708 1446 bellum
729 1385 831 1445 animo
860 1403 1052 1462 conversus,
1083 1405 1139 1444 nn·

123 1457 167 1526 de
198 1485 273 1526 cum
298 1465 415 1526 leviori
448 1464 630 1526 discrimine
658 1465 756 1546 longe
786 1463 887 1530 maius
915 1481 1035 1545 operae
1066 1483 1140 1545 prc-

124 1545 207 1604 tium
239 1543 493 1624 exspectabatur.
542 1547 679 1604 'laxasse
703 1544 734 1624 θ’)
770 1542 804 1604 id
842 1543 1036 1606 avunculum
1071 1543 1139 1603 eius

124 1622 345 1685 Alexandrum
372 1635 512 1702 constat,
539 1643 613 1685 cum
640 1623 751 1717 paullo
780 1705 781 1708 Ἴ
807 1633 858 1684 ost
884 1621 973 1684 bello
1001 1622 1033 1681 in
1053 1623 1140 1683 ltalia

126 1701 274 1786 gerendo
295 1701 503 1784 latigaretur:
537 1725 610 1765 nam
642 1643 844 1786 anaequaidm
871 1702 1042 1785 utriusque
1072 1723 1140 1764 sor-

126 1794 196 1844 tem
268 1791 372 1858 estus,
396 1781 457 1843 sibi
485 1803 559 1845 cum
585 1782 664 1845 viris
698 1803 837 1865 pugnam
864 1781 1011 1842 evenisse
1045 1780 1141 1859 dixit,

126 1862 218 1922 Mace
242 1861 296 1921 oni
315 1880 387 1922 eum
407 1861 618 1926 mulieribus,
647 1863 800 1924 Ceterum
814 1860 946 1943 regulos
969 1859 1141 1936 Thracum,

113 1940 249 2025 'quique
276 1940 330 2002 alii
359 1941 400 2002 ad
431 1963 483 2004 rea
503 1942 665 2005 novandas
688 1941 802 2023 opibus
823 1952 878 2002 aut
903 1941 1013 2001 animis
1033 1940 1141 2004 idonei

127 2019 330 2098 videbantur,
351 2023 460 2104 specie
481 2021 630 2098 bonoria,
661 2032 812 2116 tanquam
838 2021 1067 2082 commilitones
1088 2019 1141 2082 ad-

127 2120 241 2163 versus
256 2103 372 2162 Persas
393 2103 598 2177 adscisceret,
619 2101 751 2163 abduxit
772 2099 814 2180 7);
831 2100 1000 2186 capitaque
1021 2099 1141 2162 ademit

126 2179 340 2259 factionibus,
370 2181 437 2244 sine
458 2181 657 2264 principibus
678 2180 756 2242 nihil
783 2181 916 2241 ausuris.
958 2183 1025 2242 Per
1047 2180 1142 2262 Agri-

128 2279 206 2321 anos
230 2271 263 2322 et
283 2261 427 2323 Paeonas
446 2263 668 2324 Macedoniam
687 2260 849 2343 repetenti
872 2260 1054 2340 lllyriorum
1074 2279 1142 2319 mo-

128 2349 181 2400 tus
203 2340 373 2402 nuntiatur.
413 2341 578 2420 Bardylis,
599 2359 639 2401 ex
659 2339 848 2400 carbonario
864 2339 1037 2398 multarum
1057 2335 1089 2416 8)
1110 2337 1143 2398 in

130 2437 172 2478 eo
196 2430 301 2482 tractu
321 2419 484 2481 nationum
505 2440 575 2493 rex,
598 2419 694 2478 etiam
708 2417 915 2478 Macedoniae
934 2417 1041 2510 gravis
1056 2417 1143 2478 incu-

130 2497 266 2576 buerat3
296 2498 400 2558 donec
421 2516 535 2655 mappa
556 2496 684 2577 proelio
706 2517 723 2555 a
744 2495 893 2588 Philippo
910 2507 1025 2588 victus,
1045 2506 1143 2590 atque

130 2575 304 2638 instaurato
340 2575 457 2636 deinde
531 2573 620 2636 bello·
648 2573 758 2634 fractis
787 2593 915 2635 ommno
946 2573 1085 2653 viribus,
1111 2597 1143 2637 rn

132 2654 287 2724 ditionem
307 2654 439 2716 victoris
461 2653 665 2718 concederet.
707 2653 816 2736 Atque
840 2653 894 2714 ille
915 2653 977 2714 iam
1000 2654 1143 2734 obierat,

132 2733 198 2794 vita
222 2734 268 2814 ¹⁰)
292 2733 333 2794 ad
351 2735 591 2818 nonagesimum
613 2732 724 2794 aetatis
747 2753 862 2792 anuum
889 2733 1062 2816 producta:
1091 2755 1143 2797 ce·

132 2824 239 2876 terum
258 2811 342 2876 filins
367 2816 436 2877 cius
458 2815 578 2894 Clitus,
604 2824 821 2897 opportunum
846 2814 1086 2896 recuperandae
1108 2816 1144 2876 li·

135 2967 320 2994 μισ-ὼ

204 3100 232 3168 5)
251 3099 349 3151 Arriae
368 3117 387 3164 r,
412 3116 436 3163 i,
455 3105 498 3164 37.

202 3169 220 3220 6
251 3167 342 3218 Livius
359 3183 386 3233 9,
409 3181 449 3233 ις),
474 3184 507 3217 ιι.
527 3166 634 3220 Gellius
658 3180 759 3233 17,21.

205 3252 218 3302 7
250 3237 372 3286 Frontin.
388 3237 503 3302 Stratcg.
523 3251 549 3292 a.
574 3250 615 3299 rt,
635 3236 663 3289 d.
680 3235 775 3285 lustin.
789 3231 906 3298 tt,5„3.
918 3231 1025 3287 Arriae.
1045 3254 1065 3301 1,
1078 3243 1103 3302 2,
1121 3253 1143 3288 1.

203 3307 233 3368 8)
255 3303 357 3354 Hellad.
378 3301 449 3370 apud
467 3303 601 3354 Photium.

206 3371 235 3439 9)
257 3371 368 3421 Diodor.
390 3372 432 3435 ιθ,
451 3368 467 3434 4
485 3379 511 3421 et
528 3387 570 3423 aa.
589 3369 681 3419 lustin.
701 3383 726 3434 7,
745 3369 772 3434 6,
792 3385 816 3434 7.

210 3438 255 3507 ao)
278 3441 389 3490 Lucian.
413 3441 440 3489 ln
456 3437 598 3490 Macrobb.
616 3437 722 3488 Arriae.
746 3455 769 3502 ι,
786 3453 812 3502 a,
830 3453 856 3490 a.

175 3529 293 3583 Curtius.
568 3567 571 3576 .
651 3582 653 3588 ,
926 3525 942 3592 d
