2660 3864
385 348 502 399 soret.
522 347 558 398 ΙΝ
573 347 609 414 Q.
629 339 787 415 coartent
807 350 837 400 t.
853 347 888 399 ll.
1105 353 1138 405 m

88 512 95 525 ’
143 519 266 580 ropaeo
287 487 462 558 didicerant
482 489 537 572 8),
558 492 659 552 missis
680 493 710 551 in
732 493 897 555 Graeciam
919 474 1140 580 conquisitori-

47 572 55 584 ’
144 579 216 653 hus,
237 577 276 637 ad
296 576 520 661 quinquaginta
548 573 645 634 millia
673 575 823 665 egregiae
853 573 1025 636 iuventutis
1057 599 1139 640 mer-

144 659 224 720 cede
249 659 478 718 conduxerunt.
507 655 571 714 ¹His
599 654 697 734 copiis
718 656 865 714 Memnon
884 654 1027 717 Rhodius
1049 679 1140 739 prae·
1172 685 1194 722 ·.

144 749 199 800 tor
233 739 324 798 datus
357 748 405 796 est
440 733 488 808 ⁹),
519 735 572 818 qui
600 735 705 794 multis
738 746 810 794 ante
840 735 932 794 bellis
959 734 1051 798 iidem
1080 739 1140 800 vir·

143 829 309 902 tutamque
356 837 445 879 suam
486 815 593 876 Persis
631 814 755 875 abunde
787 815 989 895 probaverat.
1040 820 1072 878 ls'
1099 824 1137 880 al

143 898 359 980 occupandam
389 897 539 976 Cyzicum
565 897 692 970 missus,
715 896 833 958 citatis
861 896 1043 972 itineribus,
1080 921 1140 982 per

132 978 323 1060 Phrygiam,
344 997 405 1071 qua
430 973 473 1054 ¹⁰)
503 972 622 1037 'Protei
643 976 865 1052 committitur,
888 976 926 1035 ad
947 977 1031 1038 Idam
1054 1001 1140 1041 mou·

143 1069 210 1118 tom
231 1071 389 1140 pervenit,
409 1056 478 1137 ipso
493 1058 619 1117 nomine
635 1069 776 1117 naturam
793 1055 870 1116 situs
886 1057 932 1115 sui
955 1059 1153 1138 praelercnm

142 1149 226 1204 tem:
245 1155 316 1198 nam
331 1137 488 1200 condensa
510 1135 678 1198 arboribus
693 1138 762 1197 loca
785 1137 853 1196 Idas
877 1138 996 1220 antiqui
1017 1139 1138 1206 dixere.

143 1218 297 1302 Exsurgit
321 1219 369 1292 11)
397 1218 457 1276 iste
482 1217 617 1278 celsiore
644 1217 821 1278 cacumine.
848 1235 942 1299 quam
970 1221 1069 1280 ceteri
1102 1209 1171 1285 adl

143 1298 388 1379 Hellespontum
413 1308 549 1360 montes.
593 1299 628 1356 ln
660 1296 767 1356 medio
802 1293 848 1366 ¹²)
881 1317 1012 1376 specum
1045 1299 1142 1363 habet

142 1379 297 1458 religioso
316 1377 454 1437 horrore
471 1377 586 1436 lamam
605 1377 636 1435 in
650 1375 765 1436 fabulis
786 1387 922 1451 nactum,
943 1387 978 1436 ut
999 1377 1043 1437 ibi
1058 1381 1141 1441 Ilea-

145 1479 217 1516 rum
247 1459 367 1517 l'o'rmas
403 1454 522 1516 arbiter
553 1457 709 1518 Troianus
744 1469 904 1535 spectasse
936 1458 1142 1536 praedicetur

146 1537 214 1609 ¹³),
241 1557 313 1595 cum
337 1534 471 1618 imperio
492 1536 588 1616 patris
617 1534 788 1616 expositus,
811 1537 841 1596 in
862 1535 915 1596 Ida
936 1551 1043 1599 monte
1065 1541 1141 1600 ado·

145 1617 286 1678 levisset.
309 1617 428 1676 Eadem
445 1613 612 1677 ldaeorum
633 1617 838 1694 Dactylorum
861 1617 962 1696 patria
987 1639 1057 1679 esso
1077 1621 1143 1681 l'er-

143 1710 211 1772 tur,
232 1697 286 1778 qui
306 1697 409 1776 primi,
434 1695 545 1780 Magna
567 1698 667 1757 Matre
688 1695 836 1767 docente,
860 1696 1042 1792 ambiguum
1061 1699 1142 1762 ferri

145 1796 250 1852 usum,
265 1797 376 1859 neque
399 1778 500 1836 minus
527 1777 607 1836 utile
630 1777 829 1837 ‘necessitatis
856 1777 1037 1860 laborrsque
1062 1781 1142 1841 sola-

142 1858 233 1932 tium,
248 1873 350 1940 'quam
371 1857 560 1918 acerrimum
584 1855 701 1918 fluoris
723 1855 984 1933 instrumentum,
1013 1860 1141 1921 invexe-

52 1942 56 1952 '
146 1938 212 1998 rint
233 1938 325 1998 vitae.
368 1939 448 1998 lllud
470 1936 632 2016 ¹²)1ctiam
655 1935 861 1998 admiratione
885 1937 1012 2019 (liguum
1032 1941 1142 2021 prodi·

142 2029 208 2092 tur,
233 2017 320 2101 quod
341 2018 425 2080 circa
449 2018 533 2083 canis
554 2030 711 2094 exortum,
732 2018 834 2078 ventis
848 2018 1055 2099 depressione
1074 2033 1157 2094 tur-t

143 2095 311 2175 bentibus,
335 2100 367 2160 in
392 2121 515 2162 summo
540 2099 626 2160 Idaei
650 2099 716 2181 iugi
738 2099 899 2159 cacumine
928 2100 1054 2182 quietus
1085 2107 1141 2164 adr

144 2189 195 2238 est
218 2181 285 2252 ¹⁵)t
312 2180 464 2264 quodque
486 2181 585 2242 multa
606 2179 707 2240 adhuc
729 2191 825 2260 nocte
846 2179 940 2239 terris
964 2181 1141 2259 incubante,

143 2259 244 2319 solem
265 2259 351 2320 aiunt
371 2263 529 2344 conspici,
549 2281 612 2320 uon
628 2258 722 2342 globi
742 2257 857 2341 ligura,
880 2259 937 2318 scd
966 2261 996 2319 in
1018 2265 1142 2341 amplis-

144 2337 254 2400 simam
282 2341 480 2402 latitudinem
508 2361 669 2420 sparsum,
703 2352 735 2398 ct
756 2340 845 2398 velut
866 2339 999 2398 diversis
1021 2341 1140 2424 ignium

145 2418 319 2500 agminibus
347 2431 521 2502 utrumque
554 2419 669 2480 montis
707 2417 788 2476 latus
820 2417 1015 2497 amplexum,
1052 2422 1141 2482 coire

58 2509 61 2512 “
142 2497 325 2577 paullatim,
358 2509 391 2558 et
423 2519 485 2592 pro
509 2499 663 2582 inquantc
688 2495 750 2554 iam
786 2495 859 2556 luce
889 2495 1004 2578 iugero
1032 2501 1139 2582 paullo

143 2576 244 2636 maius
265 2598 279 2636 s
304 2577 400 2637 atium
420 2520 575 2660 amplbre,
597 2575 770 2658 paulloque
791 2587 864 2656 post
885 2577 917 2635 in
940 2578 1068 2640 solitum
1090 2603 1140 2642 or·

147 2653 221 2714 bom
244 2597 415 2718 collectum
436 2659 625 2722 destinatum
646 2657 708 2717 iter
729 2643 923 2737 percurrere
944 2661 1000 2744 ¹⁶).
1024 2661 1139 2743 Credo,
1242 2706 1245 2716 ι

165 2794 348 2810 -ι-ιι-ιι

232 2876 260 2946 8)
281 2877 356 2934 Curt.
377 2881 402 2945 5,
422 2893 463 2942 tt,
482 2881 507 2932 5.

225 2945 253 3016 9)
276 2949 350 3029 clm·
369 2965 393 3014 32
412 2965 437 3013 ²³
456 2963 482 3015 9·

211 3027 246 3070 ιο
276 3017 493 3084 Diodor.17,7.

211 3097 241 3138 11
274 3087 384 3138 Pausau.
405 3086 452 3136 lib.
472 3098 514 3141 to.

214 3156 259 3220 ta)
276 3155 391 3208 Diodcr.
413 3159 454 3219 17.
475 3169 499 3220 7.

213 3224 258 3358 133
280 3221 442 3290 Apollodor.
460 3223 507 3280 lib,
526 3229 551 3280 ὴ.
568 3219 650 3276 Diod.
671 3235 711 3290 17,
734 3237 759 3288 7.
774 3221 842 3274 Ptin.
863 3221 905 3288 34,
923 3221 963 3288 td.

212 3305 246 3348 lt
279 3291 392 3346 Diodor.
418 3307 456 3357 ις,
475 3308 499 3358 p,

214 3363 256 3428 15)
272 3362 372 3412 Lucan.
394 3361 419 3412 5.
437 3362 498 3412 coa.
515 3362 587 3412 Mela
608 3369 631 3425 1,
652 3361 693 3418 18.

209 3430 252 3496 16)
272 3429 341 3479 Plio.
359 3445 384 3494 a,
406 3444 446 3494 ιι,
466 3432 489 3480 3.
508 3429 619 3484 Diodcr.
643 3447 682 3496 tp,
701 3446 724 3496 7.

176 3522 295 3574 Curtios.
