2660 3864
170 308 204 362 54
539 301 567 354 1,
578 299 797 354 rattusttttttl
834 347 835 355 ,

172 463 277 512 tamen
300 468 338 509 es
359 447 586 528 Peloponneso
599 466 649 508 co
673 446 728 523 ias,
750 467 791 508 ne
813 445 966 510 adversus
981 442 1107 505 Thebas
1125 435 1184 506 issi·

172 529 315 603 litarent,
345 527 482 608 pecunia
514 467 751 590 Demostlenes
780 528 906 589 avertit.
946 525 1090 610 Namque
1113 535 1183 590 ,tre-

173 620 264 670 centa
280 607 398 668 talenta
416 629 433 667 a
453 607 562 669 Persis
583 606 745 688 accepisse
768 605 951 682 dicebatur,
983 603 1054 698 quis
1069 603 1117 666 ad
1137 602 1183 664 fa·

172 687 360 748 cessandum
375 687 555 749 Alexandro
578 687 743 766 nfflotium
763 697 921 748 uteretur.
960 687 1021 745 His
1040 683 1083 746 ita
1106 704 1184 743 nun·

172 767 266 838 tiatis,
288 766 469 828 Alexander
483 777 614 848 praeter
624 765 806 828 Eordaeam
824 778 856 829 et
876 764 1049 848 Elymiotin
1071 783 1185 844 rupes·

172 843 449 930 queStymphaeas
466 859 498 909 et
507 849 662 925 Paryaeas
677 845 761 926 rapit
775 849 961 922 exercitum3
983 843 1184 937 septimoque

171 937 247 1008 post
268 923 330 997 die,
352 948 447 1008 quam
471 947 489 986 a
514 925 606 986 Pelio
629 925 796 1004 movisset,
825 925 979 986 Pellenen
1001 923 1184 986 Thessaliae

173 1003 326 1086 oppidum
345 1005 502 1086 peruenit.
545 1007 624 1066 Post
644 1017 769 1066 sentum
797 1005 912 1068 deinde
938 1003 1023 1066 diem
1045 1003 1076 1064 in
1100 1007 1184 1064 Boe·

173 1085 270 1148 otiam
303 1085 403 1148 venit:
441 1104 515 1145 mox
542 1083 756 1160 Onchestum,
789 1107 844 1146 sex
866 1085 1006 1145 'circiter
1034 1101 1184 1166 passuum

173 1163 311 1227 millibus
324 1185 341 1224 a
356 1163 475 1226 Thebis
497 1164 680 1239 distantem,
701 1165 867 1244 processit.
896 1167 982 1225 lnter
1001 1163 1081 1226 haec
1102 1160 1186 1223 'I'he-

171 1242 255 1314 bani,
277 1242 397 1304 maiore
418 1244 531 1317 animo,
553 1265 647 1328 quarn
669 1245 812 1314 consilio,
833 1243 1052 1306 administratis
1072 1241 1185 1316 rebus,

174 1323 314 1386 omnium
337 1324 440 1404 ignari
462 1323 615 1406 agebant,
642 1323 780 1387 necdum
810 1325 890 1388 intra
909 1325 1002 1404 Pylas
1023 1341 1094 1386 esse
1116 1339 1185 1382 crc-

174 1402 291 1463 debant
311 1403 523 1467 Macedonum
549 1404 672 1484 copias:
707 1404 811 1488 ipsum
835 1425 913 1467 vero
936 1423 1047 1487 regem
1069 1401 1184 1464 adten-

173 1496 261 1557 tare,
290 1483 370 1545 adeo
399 1480 495 1544 fidem
519 1483 707 1564 superabat,
737 1496 773 1543 ut
798 1485 905 1565 potius
935 1486 1031 1546 alium
1051 1481 1185 1543 Alexan·

174 1563 267 1625 drum
293 1563 415 1642 Aeropi
440 1561 540 1624 lilium
571 1562 726 1626 exereitui
756 1583 908 1646 praeesse
942 1561 1184 1629 contenderent.

174 1644 264 1715 Rex,
291 1641 331 1700 ad
351 1639 460 1707 fanum
480 1642 558 1703 Iolai
580 1643 692 1735 positis
713 1643 835 1720 castris,
857 1644 946 1726 quod
967 1653 1039 1707 ante
1060 1641 1185 1704 Proeti·

175 1721 247 1780 dem
269 1732 393 1800 portam
415 1734 474 1796 est,
495 1723 709 1807 poenitentiae
743 1741 854 1786 eorum
879 1725 985 1786 locum
1012 1722 1089 1786 dare
1111 1740 1185 1782 con·

175 1800 337 1874 stituerat3
359 1819 431 1860 cum
452 1802 515 1875 illi,
537 1803 707 1882 eruptione
731 1799 832 1880 facta,
854 1803 885 1862 in
908 1803 1058 1864 stationes
1082 1802 1186 1862 Mace·

176 1875 294 1941 donum
314 1879 443 1954 invecti,
465 1881 618 1962 quosdam
631 1881 836 1957 interficiunt,
858 1883 936 1942 alios
957 1882 1029 1940 loco
1051 1877 1183 1956 pellunt,
1208 1904 1214 1913 =

177 1958 279 2019 donec
301 1958 340 2014 ad
363 1957 431 2039 ipsa
451 1959 513 2018 iam
534 1969 634 2019 castra
657 1979 844 2039 suggressos
867 1958 983 2020 emissa
1005 1956 1091 2037 regis
1119 1955 1184 2014 ius-

176 2057 212 2101 su
234 2035 313 2096 levis
335 2048 492 2100 armatura
516 2037 636 2096 reiecit.
677 2039 814 2102 Postero
835 2037 887 2098 die
909 2037 948 2096 ad
970 2046 1095 2117 portas,
1117 2033 1184 2116 qui·

175 2114 234 2176 bus
256 2114 287 2177 in
311 2114 447 2178 Atticam
472 2114 619 2180 euntibus
642 2116 705 2179 iter
726 2126 785 2191 est,
805 2125 955 2194 promoto
972 2114 1125 2188 exercitu,
1148 2125 1185 2174 ut
1257 2187 1259 2191 ι
1304 2133 1314 2153 ’·

176 2193 240 2257 auis
266 2194 296 2257 in
318 2213 392 2256 aree
416 2195 573 2258 conclusis
588 2206 716 2273 praesto
733 2205 826 2270 esset,
848 2193 951 2254 adhuc
965 2193 1183 2268 cunctabatur,

177 2285 220 2347 et,
242 2274 267 2336 si
288 2273 493 2354 poeniteret,
510 2275 630 2336 erroris
653 2273 779 2335 veniam
796 2273 986 2340 ostentabat.
1027 2273 1184 2360 Sedqui-

175 2353 234 2416 bus
262 2375 323 2434 pan¹
353 2353 517 2433 placebat,
549 2353 692 2435 potentia
724 2353 867 2416 exsulum
901 2369 1098 2436 eorumque,
1125 2375 1184 2435 per

177 2453 257 2516 quos
283 2434 426 2497 revocati
446 2434 589 2508 lucrant,
624 2431 895 2514 opprimebantur:
918 2435 989 2518 qui,
1019 2433 1106 2498 nulla
1127 2454 1183 2514 spe

178 2513 288 2576 salutis
309 2514 445 2594 reliqua,
466 2515 492 2574 si
514 2513 704 2576 Macedones
724 2511 807 2574 urbe.
829 2515 1032 2597 potirentur,
1061 2515 1183 2598 patriae

148 2666 151 2672 Ι
177 2592 276 2654 ruinis
306 2591 400 2654 obrui
429 2593 607 2666 malebant,
633 2612 726 2674 quern
747 2592 831 2654 illius
852 2594 1103 2657 incolumitatem
1125 2611 1182 2654 suo

178 2669 307 2734 interitu
328 2690 453 2750 emere,
475 2685 506 2736 et
532 2691 571 2734 ex
590 2671 797 2738 Boeotarchis
818 2674 987 2736 nonnullos
1007 2675 1039 2735 in
1060 2672 1207 2738 consili-¹

178 2770 232 2811 um
260 2761 432 2814 traxerant.
475 2754 666 2833 Quantaque
694 2749 858 2812 hominum
891 2755 1044 2816 uecordia
1071 2753 1183 2828 fuerit,

176 2829 231 2892 vel
263 2828 335 2892 hinc
357 2832 507 2912 cognosci
528 2840 650 2912 potest,
703 2830 766 2890 uod
794 2833 975 2898 Alexandro
1003 2835 1183 2916 postulante

180 2905 222 2991 7),
244 2920 279 2972 ut
300 2906 489 2976 defectionis
511 2923 659 2974 auctores
679 2852 855 2987 dederent,
881 2912 1005 2977 duobus
1028 2912 1184 2994 capitibus

180 3007 305 3051 omnem
321 2986 456 3052 civitatis
471 3012 584 3053 noxam
606 2990 774 3071 expiaturi,
796 2992 856 3072 ipsi
881 2993 1185 3056 vicissim'Philotam

180 3079 214 3140 et
233 3067 449 3156 Antipatrum,
477 3069 636 3158 principes
664 3069 839 3135 amicorum
870 3073 974 3156 regis,
1005 3075 1183 3162 deposcere

181 3255 378 3270 m*

249 3381 276 3449 7)
296 3377 432 3434 Plutarch.
454 3381 534 3446 0119.
