2660 3864
161 331 198 384 co.
527 323 548 378 ι.
568 319 790 375 aulzlasnami
894 393 896 400 Ι

161 473 210 532 lhi
231 491 302 532 cum
316 471 489 548 Phocion,
511 471 600 532 cuius
623 471 664 530 ob
685 469 901 552 integritatem
922 467 1007 532 vitae
1029 469 1163 538 maxima

148 551 201 611 -ad
224 551 380 631 populum
401 551 572 612 auctoritas
595 561 739 627 erat,non
765 547 955 610 irritandum
977 549 1161 610 adolescem

161 630 201 692 tis
221 628 420 712 victorisque
442 631 579 690 animum
602 629 737 708 diceret,
757 629 1009 710 hortabaturque
1030 649 1098 705 cos,
1121 629 1162 690 ad

160 731 241 808 quos
261 708 442 789 peniculum
464 709 598 770 maxime
619 709 809 791 pertinebat,
830 719 867 768 ut
888 707 948 768 Lei
961 721 994 768 et
1009 708 1168 770 Erecbtei·

159 791 239 852 idias
269 787 381 848 imitati
415 790 562 870 spiritum
590 809 650 870 pro
683 791 805 871 patriae
833 788 936 848 salute
957 786 1162 868 profundere·

159 891 200 930 ne
224 865 424 944 dubitarent,
445 869 692 944 Demosthenes,
713 869 768 952 qui
778 866 962 937 nominatim
980 867 1163 952 petebatur,

154 947 316 1015 surrexit,
346 945 536 1030 docuitque,
571 948 639 1008 falli
669 947 895 1023 Athenienses,
928 947 955 1006 si
982 967 1162 1028 paucorum

159 1027 322 1090 deditione
343 1027 489 1106 periculo
519 1027 653 1110 defungi
677 1049 774 1110 posse
804 1027 992 1088 crederent:
1025 1027 1162 1088 ‘callidos

158 1105 349 1168 Macedonas
369 1125 425 1167 eos
447 1126 639 1188 exposcere,
673 1128 813 1190 quorum
839 1105 1034 1188 vigilantiam
1064 1117 1161 1188 atque

160 1188 310 1248 virtutem
350 1185 484 1246 maxime
527 1187 660 1260 invisam
703 1209 755 1248 sus
780 1199 948 1268 ectamque
989 1185 1161 1262 haherent3

159 1265 272 1326 amotis
293 1262 444 1344 publicae
466 1265 621 1328 libertatis
650 1281 742 1329 custo
765 1267 853 1341 ibus,
881 1266 914 1326 in
938 1264 1050 1326 orbam
1074 1265 1162 1326 indc-

158 1345 345 1426 l'eusamque
368 1343 548 1421 civitatem,
576 1358 727 1432 tauquam
752 1345 797 1426 1ι’)
836 1345 931 1426 lupos
956 1345 988 1404 in
1009 1365 1086 1406 oves
1112 1365 1162 1411 cat

159 1425 253 1486 nibus
275 1423 460 1501 destitutae,
486 1425 640 1506 impetum
664 1427 808 1488 facturos
831 1445 912 1489 esse.
955 1424 1055 1485 Multa
1076 1445 1161 1486 com·

158 1505 290 1566 miserat
322 1503 354 1562 in
385 1503 575 1566 Macedonas
609 1506 861 1582 Demosthenes,
891 1505 933 1564 ob
966 1525 1048 1587 quae
1076 1504 1162 1564 baud

157 1584 272 1650 iniuria·
290 1582 410 1648 nullum
432 1583 517 1664 apud
548 1605 604 1646 eos
631 1587 744 1648 veniae
762 1586 878 1645 locum
907 1584 1055 1644 relictum
1079 1585 1163 1644 arbi,

60 1668 63 1673 ’
157 1663 312 1724 trabatur.
333 1655 484 1742 Philippo
509 1665 615 1725 occiso
637 1677 750 1739 auctor
764 1665 940 1738 exstiterat,
962 1675 997 1722 ut
1013 1664 1063 1738 1⁵)
1080 1666 1162 1728 Pau·

99 1743 261 1827 sssaniae
289 1741 442 1811 sacellum
471 1755 711 1820 exstrueretur,
741 1743 825 1825 apud
878 1743 1028 1803 nlvinaria
1054 1743 1162 1803 Deirm

157 1821 403 1904 supplicationes
428 1820 639 1897 haberentur,
678 1824 801 1908 aliaque
827 1765 874 1884 ob
891 1823 1046 1902 insignem
1070 1823 1161 1888 laeti·

157 1904 232 1962 tiam
253 1899 385 1961 decerni
401 1901 500 1960 'solita
527 1915 723 1966 curarentur„
764 1901 980 1962 Alexandrum
1008 1901 1082 1960 aliae
1115 1900 1160 1974 16)

157 2001 304 2060 puerum,
326 1977 400 2037 alias
423 1979 631 2058 prodigiosae
659 1980 831 2041 vecordiae
857 1977 1015 2038 vocabulo
1043 1979 1161 2058 Margi·-

156 2073 210 2120 teu
232 2057 464 2138 appellaverat:
486 2059 618 2118 Persico
640 2079 717 2118 auro
733 2069 915 2138 corruptus,
930 2054 1071 2117 omnium
1087 2055 1160 2116 lere

157 2138 337 2212 bellorum,
386 2154 446 2194 uae
474 2146 585 2196 contra
613 2137 837 2202 Alexandrum¹
864 2147 1056 2216 patremque
1092 2135 1160 2196 eius

156 2215 339 2298 Philippum
363 2155 484 2274 iinaeci
502 2213 792 2297 {depugnaverunu
818 2214 872 2275 fax
894 2228 991 2307 atque
1013 2216 1160 2280 concitos

156 2296 273 2359 fuerat.
309 2292 467 2368 Attalum,
489 2313 555 2376 quo
576 2295 759 2376 graviorem
780 2295 998 2356 adversarium
1027 2292 1072 2374 17)
1095 2316 1160 2355 non

155 2376 313 2436 habuerat
336 2370 527 2450 Alexander,
548 2373 789 2438 Atheniensium
811 2375 997 2436 societatem
1024 2369 1069 2447 ιὅ)
1089 2375 1159 2456 pol-

157 2456 272 2531 licitus,
294 2452 334 2515 ad
354 2451 476 2515 bellum
496 2473 533 2514 re
557 2453 567 2513 i
587 2457 692 2536 palam
713 2454 917 2516 inferendum
937 2453 1159 2514 exstimulave-

156 2547 213 2596 rat.
235 2537 348 2617 Neque
368 2531 475 2593 civitas
492 2535 520 2594 A
558 2537 732 2608 atriensium
745 2533 953 2596 mediocriter
969 2532 1160 2626 deliquerat,

156 2615 307 2676 detractis
329 2611 470 2692 Philippi
490 2615 612 2691 statuis,
634 2635 808 2708 earumque
829 2608 881 2694 29).
898 2613 1030 2674 materia
1042 2634 1074 2676 m
1088 2611 1158 2674 foe·

155 2694 213 2754 dos
237 2715 312 2756 usus
333 2709 508 2768 conversa,
530 2693 663 2776 aliisque
685 2694 839 2770 admissis,
860 2713 943 2775 quae
965 2693 1081 2774 vulgus
1102 2691 1159 2750 im-

154 2773 293 2856 peritum
315 2782 349 2836 et
371 2768 503 2840 mobile,
524 2774 610 2838 nulla
629 2773 733 2838 futuri
754 2793 851 2852 cura,
875 2791 916 2832 ex
935 2770 1068 2836 arbitrio
1090 2791 1160 2834 sua·

168 2904 345 2919 *-

228 2975 260 3045 ri
290 2990 424 3042 Plutarch.
446 2990 585 3042 Demosth.
602 3011 626 3044 c.
645 2994 687 3044 33.

228 3057 257 3104 15
289 3056 511 3112 Aeacbiricsadv.
529 3061 648 3128 Ctesiph.
666 3061 688 3130 §.
710 3063 767 3113 160.

223 3122 261 3191 16)
282 3125 375 3175 lustin.
397 3133 421 3188 1,
439 3127 464 3190 3,
483 3123 509 3190 4.
529 3127 623 3178 Suidas
641 3148 664 3178 v.
683 3128 862 3208 Μαργίτης
871 3128 1006 3182 Plutarch.
1019 3130 1158 3184 Demotlb.

155 3208 179 3241 c.
197 3191 239 3241 ³2.
258 3188 358 3242 Erasmi
378 3193 463 3260 Adag.
489 3195 516 3243 iu
536 3196 681 3264 Margitea.

224 3257 269 3394 mi
286 3260 360 3309 Cart.
379 3261 405 3325 6,
423 3277 450 3326 9,
472 3268 513 3326 17.

227 3326 257 3377 18
287 3327 398 3380 Diodor.
418 3336 458 3394 17,
482 3331 506 3381 5.

226 3399 273 3462 19)
292 3395 343 3445 Dio
362 3405 431 3456 etth
450 3397 491 3448 38.
