2660 3864
386 385 502 441 supet.
520 383 558 437 ΙΝ
579 384 612 450 Q.
634 381 793 436 CURTIUM
810 383 841 433 L.
859 383 880 436 1.
1098 391 1132 443 35

134 532 255 616 primus
273 534 304 594 in
324 533 451 596 hostem
470 533 624 628 impetum
645 533 733 596 fecit.
751 533 955 614 sPugnatum
983 543 1033 596 est
1053 536 1133 596 acri-

136 629 187 675 ter
220 613 366 696 ambigua
400 614 455 674 diu
487 614 639 690 victoria,
674 591 778 677 cordae
798 615 1003 691 adolescens,
1037 637 1133 698 quem

135 715 208 756 eum
236 695 370 756 delectis
391 695 482 756 alteri
508 714 663 756 cornuum
683 694 887 776 praefecerat
911 706 1022 788 pater,
1050 717 1134 756 sum-

133 797 185 836 ma
231 775 324 834 animi
361 776 542 858 viriumque
587 775 791 837 contentione
836 795 1004 852 connixus,
1046 796 1134 837 sacru

134 853 361 916 'l‘hebanorum
382 854 518 917 cohorte
545 849 596 950 ⁴),
625 876 708 938 quae
735 876 774 916 ex
802 855 930 937 optimis
960 855 1134 936 constabat,

133 936 208 997 loeo
238 947 336 1013 mota,
357 935 512 999 victoriae
534 957 618 998 viam
639 935 773 1018 aperuit.
802 938 880 996 Nam
903 947 937 996 et
964 936 1134 997 Athenien-

135 1037 197 1091 ses,
220 1016 382 1078 sociorum
406 1017 581 1078 calamitate
599 1015 703 1092 fracti,
723 1027 875 1099 aestuque
899 1027 931 1077 et
950 1017 1134 1078 vidneribus

134 1096 276 1179 l'atigati,
304 1118 368 1159 non
399 1096 532 1178 amplius
553 1096 711 1159 sustinere
731 1097 941 1158 Macedonum
965 1097 1134 1179 impetum:

137 1178 191 1260 qui
218 1198 262 1260 pe
304 1177 472 1259 Philippus
519 1176 730 1239 aemulatione
765 1189 798 1238 et
825 1177 970 1260 pudore,
1004 1179 1031 1238 si
1065 1177 1131 1239 filio
1227 1231 1230 1238 .

136 1197 339 1319 adoiescente
362 1257 508 1319 deterior
527 1257 704 1334 videretur,
728 1258 832 1340 gravis
853 1257 1135 1341 intolerandasque

137 1337 333 1404 incubuerat.
376 1340 422 1398 lta
451 1338 492 1398 de
518 1335 667 1398 libertate
691 1335 845 1398 Graeciae
872 1338 931 1398 ista
950 1359 1057 1420 pugna
1081 1342 1135 1400 de·

136 1429 261 1479 cretum
283 1430 340 1480 est.
363 1417 558 1480 Ceciderunt
572 1436 612 1476 ex
626 1416 872 1478 Atheniensibus
890 1417 1023 1498 amplius
1038 1419 1136 1496 mille,

139 1519 234 1580 supra
254 1499 319 1559 duo
340 1497 438 1558 millia
458 1497 542 1579 capti
562 1496 671 1557 fuere:
709 1497 871 1560 sociorum
892 1517 1022 1581 quoque
1043 1499 1135 1558 multi

136 1591 191 1638 aut
211 1577 380 1659 pugnando
404 1589 543 1638 mortem
564 1575 795 1646 occubuerunt,
818 1589 872 1638 aut
892 1578 957 1641 vivi
977 1590 1137 1641 venerunt

136 1660 167 1718 in
191 1669 387 1738 potestatem
406 1657 549 1720 victoris.
571 1657 684 1717 Missus
704 1669 779 1739 post
801 1656 881 1718 haec
903 1657 1044 1720 Athenas
1061 1660 1135 1720 Ale·

138 1737 260 1799 xander
289 1739 415 1800 veniam
449 1738 641 1798 delictorum
677 1758 855 1820 pacemque
891 1737 1137 1800 Atheniensibus

136 1817 322 1899 Philippum
356 1817 433 1878 dare
471 1817 705 1900 pronuntiavit3
742 1818 885 1899 captivos
920 1819 1013 1880 etiam
1041 1821 1136 1903 gratis

137 1898 293 1976 reddere3
314 1917 374 1960 nec
398 1909 518 1976 vetare,
540 1897 615 1992 quin
636 1898 733 1959 occisi
747 1899 997 1960 tumularentur:
1017 1901 1137 1984 quippe

136 1999 213 2056 rex,
240 1978 379 2040 intentus
407 1979 438 2040 in
468 1981 634 2040 Persicum
658 1979 793 2054 bellum,
822 1979 1020 2041 Graecorum
1041 1979 1137 2042 fidem

136 2071 234 2143 atque
265 2059 369 2120 studia
406 2059 575 2121 clementia
614 2071 648 2120 et
682 2059 901 2121 moderatione
933 2061 1138 2143 provocabat.

137 2139 275 2220 Imperio
297 2152 403 2201 tamen
432 2141 526 2200 maris
547 2152 581 2201 et
608 2140 782 2200 insularum
802 2141 1014 2203 Athenienses
1036 2142 1137 2203 exuit:

136 2220 168 2279 in
194 2219 364 2282 Thebanos
392 2221 561 2298 immitior,
590 2241 729 2306 quorum
757 2221 860 2282 subita
893 2223 1078 2283 defectione
1106 2223 1158 2281 iux

137 2319 294 2361 summum
314 2321 423 2362 rerum
445 2302 584 2362 onmium
604 2301 774 2362 discrimen
797 2322 831 2363 se
847 2301 1019 2362 adductum
1039 2301 1136 2362 litissc

136 2382 344 2459 meminerat3
371 2402 431 2441 nec
452 2379 622 2456 iudicabat,
645 2381 808 2442 veteribus
831 2382 925 2442 sociis
947 2393 1021 2461 post
1041 2381 1139 2440 bene-

137 2461 211 2524 licia
233 2481 289 2520 sua
314 2481 441 2521 causam
462 2459 563 2518 fuisse
590 2470 702 2520 eontra
722 2461 826 2538 ipsum
848 2481 921 2519 eum
940 2459 1138 2521 Atheniensi·

137 2539 196 2598 bus
222 2540 387 2598 sentiendi.
429 2540 518 2620 Ergo
553 2555 627 2596 cum
653 2537 768 2596 urbem
789 2538 994 2616 dedidissent,
1017 2541 1138 2622 praesi-

137 2617 192 2678 dio
220 2617 249 2696 ⁵)
272 2618 483 2677 Macedonum
504 2617 667 2697 imposito,
689 2615 950 2702 interiectisque,
972 2641 1054 2704 quos
1074 2644 1139 2682 ma·

137 2699 221 2757 xime
243 2697 362 2759 invisos
377 2709 608 2780 suspectosque
624 2695 788 2775 habuerat,
808 2699 874 2760 aliis
890 2701 993 2762 solum
1008 2714 1137 2765 vertere

137 2777 249 2853 iussis,
278 2777 419 2838 reductis
440 2798 516 2839 suae
535 2777 682 2840 laesionis
703 2779 863 2840 exsulibus
882 2784 1083 2865 magistratus
1104 2796 1137 2844 et

67 2855 70 2868 '
138 2857 253 2918 iudicia
274 2858 413 2919 tradidit.
435 2859 591 2943 Reliquos
607 2857 723 2918 deinde
736 2859 885 2940 populos,
907 2863 963 2945 qui
983 2863 1136 2925 adversus

137 2939 240 3020 ipsum
262 2961 348 3001 arma
369 2952 537 3021 ceperant,
565 2939 681 3001 eodem
704 2938 857 3003 victoriae
878 2941 999 3024 impetu
1018 2944 1137 3026 perdo·

144 3106 306 3128 *nn-⁸

201 3232 228 3302 d)
247 3235 316 3286 Plut.
335 3251 359 3285 e.
381 3234 420 3298 ¹4·
439 3233 514 3284 curt.
534 3237 561 3296 8,
583 3243 606 3284 t.
624 3231 781 3282 23.Arrian.
800 3243 827 3294 p,
847 3241 887 3294 ta,
909 3235 947 3286 13.
963 3230 1075 3284 Diodor.
1097 3239 1136 3297 ιθ,

138 3307 178 3358 27.
200 3306 312 3384 Pausan.
331 3303 378 3353 lib.
399 3319 423 3368 7.
441 3303 534 3351 lustin.
553 3316 579 3365 9,
600 3297 626 3363 4,
647 3302 672 3352 5.
698 3297 1035 3383 ΡΙυίῑιῐεΙι.Ιῑψορ1ιιΙιεςς.
1053 3319 1076 3354 c.
1095 3306 1135 3355 30.

137 3372 242 3557 16³³qu
242 3373 361 3490 'ribah
380 3439 428 3490 tta.
446 3454 471 3504 9.
491 3435 605 3492 stodor.
629 3441 674 3501 m,
695 3437 736 3488 ss.
762 3437 853 3490 lustin.
873 3443 908 3500 9,
928 3437 957 3503 a,
985 3440 1010 3490 c.
1030 3443 1132 3494 neum.

157 3543 164 3571 a
185 3521 208 3571 ¹²
246 3544 251 3557 ·
884 3579 901 3630 ³
918 3574 934 3608 η,
