2660 3864
386 379 503 432 SUPPL.
522 381 558 432 tlt
576 379 609 446 Q.
627 379 785 431 CUllTlUld
801 379 833 435 L.
853 379 876 432 1.
1093 382 1125 438 Al

125 539 212 589 metu
235 525 362 588 liberati
381 526 583 603 Macedones,
604 525 700 588 alacri
722 527 860 588 clamore
876 526 974 596 edito,
994 526 1127 610 impres·

125 609 246 670 sionem
274 607 404 668 faciunt.
451 609 685 668 Procurrentes
713 605 868 668 barbaros
895 609 1076 690 praegressi
1110 627 1128 667 a

125 691 239 750 dextro
267 707 369 749 cornu
398 687 552 770 sagittarii
577 685 800 771 frequentibus
826 688 899 748 telis
919 687 1128 753 incessebant.

123 771 170 829 lta
192 771 259 830 sine
280 767 427 849 periculo
447 767 581 850 phalanx
601 767 634 826 in
648 768 802 829 verticem
822 768 919 844 enisa,
938 769 1127 849 utaprimnm

123 869 229 934 aequo
259 848 333 909 loco
361 849 534 909 consistere
560 847 683 930 potuit,
709 847 794 908 haud
819 847 965 930 ambigua
994 849 1128 910 victoria

122 929 250 991 hostem
277 928 398 988 nudum
424 939 478 989 aut
498 929 613 990 leviter
639 939 794 989 armatum
818 928 952 989 disiecit.
992 927 1057 990 Sed
1076 949 1128 990 ea·

123 1011 198 1071 dem
219 1029 284 1088 res,
305 1027 388 1092 quae
407 1007 561 1071 barbaros
581 1009 613 1068 in
629 1009 762 1091 ¹proelio
782 1008 979 1092 prodiderat,
999 1011 1030 1070 in
1050 1007 1086 1068 su
1110 1031 1127 1070 a

122 1089 254 1154 adiuvit.
295 1088 401 1149 Armis
420 1087 505 1150 haud
528 1109 602 1150 sane
623 1089 746 1152 onerati
768 1101 921 1172 pernota
942 1089 1013 1150 loca
1032 1029 1127 1151 faciie

122 1169 237 1252 dilapsi
267 1181 349 1235 sunt.
396 1170 442 1230 lta
470 1169 656 1232 desideratis
693 1191 733 1231 ex
765 1171 850 1232 omni
879 1187 1012 1230 numero
1040 1169 1126 1231 mille

124 1251 315 1345 quingentis,
345 1263 472 1312 ceteros
492 1250 571 1332 fuga
591 1249 728 1310 abstulit:
748 1253 917 1312 mulierum
937 1269 1127 1330 puerorum·

123 1330 329 1416 quemgenti
350 1330 567 1402 multitudine,
596 1329 780 1412 praedaque
799 1351 859 1412 pro
880 1329 1026 1389 locorum
1053 1349 1127 1389 con-

122 1413 243 1472 ditione
279 1411 353 1470 satis
383 1410 504 1490 ampla,
538 1409 642 1472 victor
669 1420 790 1490 potitus
817 1421 877 1470 est.
926 1407 979 1469 Sic
1013 1420 1128 1490 aperto

121 1491 237 1552 montis
258 1490 351 1551 Aemi
380 1489 532 1565 transitu,
559 1489 591 1548 in
621 1489 773 1550 interiora
801 1485 954 1549 Thraciae
980 1500 1128 1570 penetra-

121 1584 192 1632 tum
213 1581 270 1630 est.
309 1573 417 1630 Lucus
442 1565 487 1650 ¹9)
509 1580 558 1631 est
577 1569 610 1628 in
629 1569 667 1628 iis
689 1568 850 1650 gentibus,
886 1587 983 1662 quem
1008 1567 1128 1631 Libero

10 1709 12 1724 ,
112 1649 216 1710 'Patri
239 1650 378 1710 dicatum
403 1649 509 1732 prisca
527 1649 588 1710 reli
612 1650 682 1710 'one
701 1651 820 1715 colunt.
862 1648 910 1709 1b1
940 1669 1013 1708 cum
1033 1650 1128 1710 Alex·

123 1727 243 1808 ander,
263 1728 401 1792 barbaro
421 1731 487 1792 ritu
508 1731 590 1791 sacri
614 1749 706 1806 cans,
725 1730 833 1792 vinum
855 1729 916 1790 aris
936 1728 1129 1806 infunderet,

123 1819 211 1871 tanta
235 1807 381 1872 flammae
408 1811 454 1872 vis
482 1811 604 1892 erupit,
633 1821 671 1870 ut
698 1821 849 1890 snperato
868 1807 954 1870 aedis
975 1809 1156 1885 culmine,x

123 1891 157 1951 in
185 1891 311 1953 coelum
338 1891 475 1953 emicare
506 1890 680 1955 videretur.
733 1890 873 1952 Eosdem
901 1889 1023 1974 gloriae
1050 1889 1128 1951 lines

124 1971 195 2054 regi
216 1971 359 2051 ostendi,
383 1991 492 2033 omnes
514 1972 693 2035 credidere.
734 1971 805 2032 Alia
826 1970 959 2032 subinde
979 1990 1031 2030 res
1051 1991 1130 2032 nun-

124 2051 200 2112 tiata
231 2053 348 2136 prioris
374 2053 514 2136 prodigii
542 2051 638 2114 fidem
665 2049 845 2118 affirmavit.
891 2053 926 2110 ln
953 2049 1129 2113 Thracibus

127 2126 186 2210 ²⁰),
208 2133 263 2216 qui
284 2133 429 2214 Odrysae
450 2133 665 2216 appellantur,
695 2131 868 2194 Libethrus
888 2151 978 2194 mons
1001 2143 1033 2193 et
1054 2133 1129 2194 civi-

125 2220 173 2270 tas
195 2224 257 2283 est,
279 2212 402 2296 Orphei
421 2213 577 2276 natalibus
597 2213 731 2294 inclyta3
757 2213 825 2275 eius
845 2231 966 2273 sacram
989 2211 1129 2294 effigiem

128 2309 168 2350 ex
200 2312 354 2375 cupresso
388 2294 575 2355 fabricatam
608 2295 711 2357 multo
739 2295 858 2356 sudore
884 2313 1042 2368 manasse,
1073 2293 1163 2374 quit

125 2371 288 2450 viderant,
309 2375 348 2434 ad
367 2394 478 2457 regem
498 2375 650 2434 retulere.
690 2375 741 2434 De
760 2373 1023 2452 interpretatione
1044 2372 1129 2430 solli-

127 2451 197 2511 citis
225 2453 412 2513 Aristander
442 2453 560 2512 exemit
586 2463 707 2512 metum
728 2452 797 2530 ²¹),
823 2453 935 2510 adres
957 2450 1130 2510 Alexandri

127 2529 293 2612 pertinere
322 2551 524 2607 asseverans,
545 2529 668 2669 (pinibus
693 2528 893 2590 decantandis
922 2529 1037 2590 alumni
1057 2524 1172 2591 filii-x*

150 2627 191 2668 ue
212 2609 372 2669 Musarum
391 2609 524 2671 multum

127 2631 194 2749 bda
215 2689 316 2763 natio,
338 2701 424 2750 trans
445 2701 586 2752 montem
608 2691 743 2750 Aemum
765 2690 883 2751 colunt.
923 2691 958 2750 ln
978 2710 1034 2754 eos
1057 2711 1130 2752 cum

128 2767 338 2832 descenderet
358 2771 553 2846 Alexander,
579 2790 637 2832 rex
664 2771 766 2854 gentis
798 2769 927 2850 Syrmus
947 2771 979 2832 in
1000 2773 1130 2833 Peucen

128 2848 200 2909 lstri
220 2848 576 2936 insulam'confugerat‚
604 2851 807 2933 expeditione
827 2851 1007 2913 Macedonis
1026 2851 1129 2914 multo

129 2941 201 2990 ante
224 2943 405 3012 comperta3
441 2953 541 3016 seque
563 2944 597 2992 et
616 2932 769 3018 quicquid
791 2942 893 3028 aptate
913 2933 967 2994 vel
985 2951 1066 2993 sexu
1085 2932 1130 2992 in·

129 3010 267 3072 validum
302 3024 389 3085 erat,
434 3013 562 3076 obiecto
594 2999 696 3075 bmnis
726 2995 933 3073 mbnumento
966 3013 1129 3076 tuebatur.

130 3090 259 3176 Quippe
278 3093 460 3160 Alexandro
479 3112 599 3176 paucae
627 3085 728 3156 ndves
759 3102 867 3174 erant3
902 3103 937 3153 et
962 3090 995 3154 in
1018 3113 1129 3176 aspera

568 2610 729 2670 esudaturi
754 2621 868 2674 essent.
908 2609 1057 2690 Triballi„
1081 2631 1131 2672 va·

130 3259 295 3271 Μ

201 3359 367 3429 19)Sueton.
389 3359 497 3428 August.
516 3356 559 3426 94,
578 3376 601 3411 a.

197 3429 242 3496 no)
261 3431 368 3487 Taetzes
390 3428 458 3480 Chil.
477 3443 503 3496 7,
523 3445 566 3498 9¹·

194 3497 233 3565 ar)
252 3497 356 3550 Arrian.
377 3515 485 3566 1,1,17.
