2636 3860
445 357 580 404 sostris
599 313 788 402 errulum.
988 345 1119 410 XXXlll

127 505 218 576 etiam
230 497 345 580 florere
372 505 538 580 imperium,
575 520 656 584 quae
691 498 768 558 nulli
796 498 973 581 principum
1008 519 1120 590 msgts,
1172 542 1175 554 ν

129 621 222 681 quam
245 601 392 678 Traiano,
414 603 611 663 conveniant.
633 602 755 665 Verum
775 600 830 682 qui
851 601 974 682 optimo
994 606 1136 672 Nervae

126 704 290 780 successit,
309 725 371 766 non
387 703 528 766 condidit
544 705 599 766 ille
616 705 748 786 gladios,
770 725 832 764 non
852 703 1000 768 exstinxit
1013 707 1120 794 lecese

124 824 183 865 nec
210 804 269 864 sub
297 804 479 867 Domitiano
507 817 561 867 eut
591 809 696 868 Nerva
724 806 764 867 de
799 806 946 888 imperIo,
964 823 1121 878 certatum

126 903 197 983 fuit,
219 917 273 968 aut
294 907 380 967 civili
399 907 486 968 bello
509 926 661 972 concussa
693 907 883 990 respublica.
927 912 1039 994 Neque
1062 916 1123 976 sti⁴
1190 904 1192 911 ¹

129 1006 178 1068 lus
206 1005 373 1069 Curtianus
402 1029 474 1071 cum
491 994 581 1074 'aevo
604 995 728 1070 Traiani
756 1012 918 1093 congruit,
947 1013 1130 1096 simplicior*

131 1129 205 1172 cnse
227 1120 260 1169 et
280 1109 432 1190 uberior,
469 1113 547 1174 nihil
577 1113 738 1174 concisum
764 1109 884 1173 habens
913 1127 967 1176 eut
986 1103 1123 1182 'affecta-

127 1223 204 1288 lttm,
225 1212 314 1296 quod
345 1213 439 1276 facile
468 1217 633 1300 intelligit,
663 1215 718 1300 qui
746 1216 889 1276 Curtium
916 1237 988 1278 cum
1020 1221 1123 1284 Plinio

29 1315 31 1320 ’
126 1315 251 1376 iuniore
272 1315 327 1379 vel
350 1335 421 1376 cum
442 1320 554 1380 Tacito
576 1329 630 1380 aut
640 1319 666 1377 F
670 1320 740 1379 loro
762 1315 975 1394 contenderit3
998 1321 1041 1388 cf.
1050 1325 1076 1390 1.
1089 1326 1124 1391 G.

130 1419 248 1480 Vossius
269 1417 309 1478 de
332 1419 472 1480 Historr.
499 1423 581 1480 Latt.
609 1439 639 1501 p.
665 1428 720 1492 rus
741 1438 812 1502 sqq.
843 1432 876 1481 et
905 1421 986 1486 vide,
1007 1426 1125 1488 addita·

126 1532 233 1582 menta
254 1519 284 1582 in
307 1519 369 1582 line
390 1519 484 1582 huius
506 1511 622 1602 disput.
1064 1575 1066 1578 ,

134 1671 136 1676 ,
209 1623 362 1707 Sequitur
386 1623 442 1706 qui
462 1622 569 1684 locum
592 1621 632 1684 de
653 1621 754 1684 Curtii
785 1634 889 1686 aetate
917 1624 1030 1710 insigni
1050 1629 1125 1694 doc·

29 1749 32 1752 ·
128 1725 265 1815 trinaet
286 1725 399 1786 mentis
421 1727 562 1786 acumine
583 1725 791 1807 pertractavit
816 1727 924 1788 barth.
951 1731 1127 1796 Niebuhrr'us

131 1827 191 1902 ²⁶).
215 1827 338 1888 Eximie
365 1818 448 1886 enim
479 1829 629 1911 scriptori
650 1840 764 1920 nostro
801 1831 952 1896 accidisse
989 1835 1127 1917 videtur,

129 1927 219 2010 quod
241 1928 339 2006 vitae¹
357 1929 424 1990 eius
450 1941 553 1992 tantae
587 1929 738 1994 tenebrae
765 1929 993 2022 offunduntur3
1030 1958 1127 2022 quan·
1165 1983 1172 1998 a

129 2029 305 2113 doquidem
327 2033 358 2094 in
376 2033 413 2094 iis
435 2031 637 2094 discutiendis
660 2042 693 2090 et
714 2033 909 2112 expellendis
928 2035 1135 2110 doctissimos,

37 2150 43 2156 ·
129 2146 164 2195 et
187 2133 405 2216 sagacissimos
427 2153 573 2219 quosque
599 2132 698 2194 omnis
719 2135 830 2196 aetatis
860 2138 943 2199 viros
967 2141 1127 2224 ingenium

129 2222 221 2304 suum
242 2240 424 2302 exercuisse
446 2239 600 2301 videmus.
624 2231 834 2299 *Niebuhrius
858 2239 956 2322 igitur
981 2243 1129 2308 ¹Curtium
1204 2290 1207 2296 ·

103 2335 104 2341 ἵ
127 2338 328 2422 temporibus
349 2341 494 2421 Septimii
514 2327 627 2403 serari
648 2331 813 2420 scripsisse
834 2342 1016 2408 arbitratur.
1050 2347 1128 2408 Eius

129 2442 329 2527 disquisitio,
358 2459 439 2526 quae
470 2442 566 2502 Hirtii
594 2453 627 2503 et
655 2444 838 2512 Buttmanni
866 2431 1128 2526 disputationibus

136 2615 326 2634 m

37 2759 39 2762 ,
136 2714 240 2785 aliquis
262 2715 410 2776 clauserit,
435 2715 563 2765 neminem
590 2715 731 2784 scripsisse
757 2717 877 2782 memini,
896 2734 955 2769 cum
972 2729 1066 2771 tamen
1082 2741 1129 2775 eas

132 2784 170 2836 ab
196 2786 257 2834 isc
287 2786 454 2853 Vespasiano
481 2793 547 2852 post
576 2800 678 2834 aratrum
702 2797 816 2854 apertas
844 2785 986 2844 Cornelius
1014 2789 1130 2842 Tacitus

129 2803 247 2923 prodit.
267 2881 298 2892 -
316 2854 391 2902 Idem
413 2853 525 2902 Orosius
543 2853 577 2903 de
597 2853 692 2902 iisdem
710 2854 776 2917 Vll,
793 2868 821 2919 9.
838 2870 932 2923 pacem
952 2859 1035 2907 totius
1056 2859 1130 2916 ardis

66 2955 68 2964 ‚
130 2922 397 2992 prorzuacr'averunt,
421 2929 446 2967 et
463 2923 561 2968 laterem
578 2922 713 2987 geminum
729 2920 864 2971 obseratis
880 2921 1022 2974 cohibuere
1040 2926 1130 2978 claus-

133 2991 198 3039 tris.
220 3018 250 3028 -
269 2990 380 3037 Sueten.
400 2988 510 3055 Vespus.
531 3005 589 3055 cup.
609 2991 655 3038 ult.
671 2999 701 3038 ut
717 3001 781 3057 post
797 2988 925 3040 assiduas
944 2993 978 3040 in·
991 3011 1019 3042 se
1037 2998 1130 3046 coru'u-

133 3060 260 3108 rationes
285 3071 369 3106 ausus
394 3057 431 3104 sit
459 3052 600 3123 affirmare
625 3067 750 3118 senatus,
772 3070 834 3108 aut
848 3057 948 3124 filios
966 3058 1039 3110 sibi
1056 3069 1156 3114 suc·'
1199 3087 1200 3092 ¹

133 3139 311 3176 cessuros
331 3137 586 3175 cressementum,
606 3155 638 3164 -
875 3163 880 3167 .

185 3193 231 3262 πό)
258 3193 328 3244 Zwei
355 3192 496 3242 classische
522 3192 679 3243 lateiniscbe
706 3183 899 3244 Scliriitstellcr
927 3189 1049 3262 (Curtius
1076 3197 1133 3249 und

132 3261 291 3330 Petronius)
317 3261 364 3311 des
383 3260 484 3309 dritten
502 3257 693 3310 labibunderts
712 3275 738 3308 n.
757 3261 820 3310 ultr.
837 3261 868 3310 ln
887 3259 938 3310 den
958 3261 1131 3318 Abhundlun·

131 3347 185 3396 gen
213 3329 262 3380 der
287 3331 408 3380 Berliner
431 3327 577 3376 Akndemie
604 3325 652 3378 der
670 3326 829 3396 Wissentcb.
853 3328 987 3387 tdn'uud
1006 3331 1080 3384 1823.
1098 3333 1132 3390 ll.

132 3399 254 3448 Abtbeil.
277 3415 303 3465 p.
324 3398 369 3450 231
392 3423 424 3436 -
447 3401 507 3456 25¹·
