2660 3864
413 345 530 416 surra,
549 345 587 400 m
604 345 639 416 Q.
657 349 817 403 cosmon
832 350 864 404 ι.
880 349 903 406 ι.
1057 318 1063 332 ’
1111 360 1144 411 ot

145 517 248 585 anus
271 513 450 580 pancorum
462 496 610 558 animose
629 505 805 580 perpetrat.
851 496 917 559 Sed
936 497 1015 560 nihil
1038 497 1145 578 exiis,

106 636 110 646 ,
144 601 226 666 quae
248 577 430 661 praefracte
454 589 488 638 et
507 576 737 638 contumaciter
757 577 915 654 fecerant,
936 599 1038 664 aeque
1060 601 1145 644 com·

142 660 242 722 movit
262 678 391 740 regem,
413 677 510 740 quam
531 655 580 734 ²⁰)
601 657 632 716 in
653 655 821 718 Thebanos
844 658 1031 736 humanitas,
1052 682 1145 744 quos,

143 741 228 800 inter
253 739 376 820 patriae
407 737 530 798 ruinam
558 736 702 818 elapsos,
738 749 850 798 contre
880 737 978 818 ipsius
1007 740 1145 804 edictum
1208 769 1212 776 ·

143 830 352 900 receperant,
380 827 503 878 tentum
535 815 577 878 ob
607 837 721 888 eorum
741 817 846 878 vicem
868 815 1089 900 dolorisprae
1110 842 1145 882 se

141 898 297 974 ferentes,
316 909 354 958 ut
375 897 469 958 etiam
489 896 714 977 mysteriorum
733 897 907 975 sollemnia,
931 919 1012 981 quae
1036 899 1068 959 in
1089 899 1145 962 bo·

141 999 255 1040 norem
275 975 387 1038 Liberi
407 977 513 1037 Patris
533 977 706 1058 praecipua
729 975 883 1058 religione
907 979 1073 1062 quotannis
1094 999 1146 1040 ce·

140 1057 278 1134 lehnert,
300 1057 342 1118 ob
358 1055 520 1138 publicam
540 1056 1003 1120 moestitiamintermitterent.
1023 1057 1154 1122 Verum>

143 1137 292 1220 cupidine
315 1137 394 1197 belli
408 1135 543 1214 Persici,
561 1135 742 1198 condonare
759 1137 891 1198 Graecis
912 1139 1040 1198 iniurias
1062 1159 1146 1214 suas,

62 1225 65 1228 ’
187 1239 235 1278 am
257 1217 400 1298 exsequi,
420 1216 569 1280 malebat.
604 1216 705 1296 igitur
729 1235 802 1276 cum
822 1218 983 1278 Demades
1005 1213 1146 1302 ²¹),qni

141 1237 292 1390 llhilippo
321 1309 455 1436 guoque
484 1306 595 1376 gratus
631 1307 848 1376 acceptusque
879 1295 1004 1372 fuerat,
1030 1317 1146 1378 preces

142 1378 276 1440 civitatis
301 1396 318 1434 a
363 1396 437 1434 eum
458 1373 639 1445 detulisset,
668 1374 912 1434 Atheniensibus
934 1376 1065 1436 indulsit
1086 1373 1146 1454 ²²„

141 1466 179 1518 ut
198 1455 437 1532 Demosthene,
464 1455 698 1534 Lycurgoq'ue,
719 1464 752 1512 ct
772 1452 856 1532 aliis,
886 1475 966 1538 quos
988 1455 1147 1549 depopos-

142 1541 247 1614 cerat,
274 1534 427 1610 ret'entis,
456 1553 555 1594 unum
576 1531 804 1593 Charidemum
825 1533 857 1592 in
878 1535 1022 1614 exsilium
1043 1547 1147 1596 mitte·

142 1627 226 1679 rent.
248 1615 306 1674 Ille
328 1614 368 1674 ad
388 1615 504 1674 Persas
526 1633 561 1672 sc
583 1612 734 1687 contulit,
761 1633 874 1695 magno
900 1633 942 1674 ue
969 1614 1045 1694 ipsis
1075 1617 1148 1675 usui

142 1695 221 1770 fuit,
243 1693 346 1754 donec
373 1691 416 1754 ob
443 1691 625 1753 libertatem
647 1690 696 1764 ²3)
726 1691 852 1774 linguae
916 1693 973 1754 arii
994 1694 1081 1754 iussu
1102 1695 1147 1754 in·

142 1773 301 1836 terl'ectus
323 1783 383 1837 est,
423 1771 489 1832 alii
511 1791 642 1855 qnoque
662 1791 725 1832 non
744 1773 900 1852 postremi
920 1774 1055 1833 nominis
1079 1775 1146 1851 riri,

143 1854 220 1915 odio
245 1853 333 1936 regis
354 1851 437 1912 urbe
459 1851 608 1928 deserta,
630 1851 670 1910 ad
691 1849 800 1911 hostes
821 1852 905 1913 illius
926 1853 1067 1938 prol'ecti
1087 1853 1147 1930 ²43,

142 1933 277 1996 multum
304 1933 427 2014 negotii
454 1930 682 1992 Macedonibus
713 1930 935 1998 exhibuerunt.
974 1933 1056 1994 Post
1074 1955 1147 1994 enm

142 2029 255 2075 rernm
277 2013 433 2094 impetum
466 2031 660 2094 cursumque
690 2029 784 2070 nemo
805 2025 976 2094 supererat
995 2013 1027 2073 in
1049 2014 1148 2074 Grae:

143 2094 203 2171 cia,
225 2093 281 2176 qui
302 2104 357 2154 aut
380 2091 502 2154 viribus
524 2091 589 2150 suis
610 2103 685 2172 post
705 2090 886 2170 Thebanos,
902 2102 1055 2176 [quorum
1078 2115 1148 2177 gra-

143 2174 191 2236 vis
223 2183 382 2234 armatura
411 2167 460 2243 25)
491 2170 629 2232 celebris
656 2171 731 2232 olim
754 2170 878 2245 luerat)
901 2184 965 2250 aut,
993 2187 1148 2254 occupata

142 2251 313 2328 Leucadia,
333 2250 536 2311 munimentis
563 2249 750 2314 confideret.
793 2252 937 2334 Namque
959 2253 1148 2330 Leucadios,

145 2332 209 2393 situ
232 2331 345 2413 oppidi
366 2343 399 2390 et
418 2329 551 2410 proviso
575 2331 607 2388 in
628 2332 755 2410 longam
769 2331 970 2392 obsidionem
991 2351 1148 2391 commea·
1217 2400 1221 2404 ,

145 2423 183 2472 tu
201 2411 350 2486 seroces,
370 2406 456 2468 lame
478 2407 604 2466 domuit
611 2429 621 2484 3
643 2427 716 2467 cum
738 2410 933 2488 expugnatis,
960 2430 1042 2490 quae
1065 2411 1148 2471 circa

146 2501 248 2565 erant,
269 2487 426 2562 castellis,
455 2484 600 2545 homines
620 2484 812 2545 Leucadiam
838 2485 886 2565 26)
910 2487 999 2547 abire
1025 2509 1148 2570 passus,

146 2569 279 2628 adaucta
300 2587 361 2648 per
383 2564 521 2646 singulos
542 2563 609 2624 dies
637 2564 855 2642 multitudine,
883 2587 1010 2628 omnem
1037 2573 1186 2630 eorrtmas

145 2667 266 2729 penum
300 2645 509 2710 exhausisset.
552 2643 654 2726 Igitur
688 2663 728 2704 ex
759 2643 985 2726 Peloponneso
1017 2665 1189 2744 quoquc>

215 2891 260 2965 20)
280 2896 427 2951 Aeschines
452 2897 509 2948 adt.
533 2891 654 2966 Ctesipb.
686 2895 709 2966 §.
737 2899 795 2964 137.
822 2914 880 2966 sqq.
904 2898 1018 2967 Pausan.
1046 2897 1096 2948 lib.
1121 2914 1148 2963 9.

146 2963 283 3016 Plutarch.
305 2983 328 3020 c.
352 2976 383 3032 19
400 2976 425 3018 et
443 2967 470 3014 in
489 2967 605 3016 Camillo
626 2983 648 3016 c.
669 2967 710 3016 31.

212 3031 386 3101 atlDiodor.
407 3050 448 3100 17,
467 3034 509 3084 35.
526 3033 660 3084 Plutarch.
682 3033 821 3084 Demosth.
840 3051 864 3084 c.
883 3034 926 3086 33.

213 3103 257 3170 aa)
275 3103 411 3154 Plutarch.
431 3105 459 3152 in
478 3102 566 3150 Oratt.
585 3117 612 3168 7,
629 3107 654 3157 2.
669 3106 740 3168 8,.9.
756 3095 894 3153 Demosth.
915 3101 992 3169 epist.
1009 3100 1148 3166 3.Arrian.

145 3171 172 3236 8,
195 3185 236 3236 13,
245 3185 298 3288 ἐξ
332 3173 426 3222 lustin.
457 3183 505 3232 tt,
529 3187 555 3233 n,
573 3183 614 3224 sa.
636 3167 765 3220 Dinarch.
793 3169 851 3222 adv.
872 3169 1011 3222 Demosth.
1035 3187 1064 3236 p.
1091 3169 1148 3224 156.

147 3239 191 3290 ed.
208 3239 244 3289 Rc
286 3275 292 3289 .

214 3321 247 3369 ²3
280 3307 357 3358 Cart.
377 3319 403 3371 3,
420 3321 446 3370 a,
463 3319 504 3358 10.

212 3373 244 3438 sd
277 3376 390 3425 Diodor.
411 3388 451 3438 17,
470 3375 511 3424 25.
530 3371 605 3427 Curt.
625 3379 652 3437 3,
672 3373 772 3440 13,15.

211 3445 243 3492 25
274 3444 325 3492 Dio
345 3451 413 3493 orat.
433 3441 476 3508 64.
582 3482 585 3490 .

218 3508 263 3579 ab)
282 3511 403 3562 Frontin.
426 3511 452 3574 3,
474 3508 501 3576 4,
514 3511 539 3561 5.
