2660 3864
323 283 330 300 “
419 313 825 382 surrn.÷mo.·cunr1uu
844 317 873 368 n.
892 317 914 372 1.
1135 327 1170 380 aa

169 461 335 528 sollicitus·
372 447 511 520 'Praeter
541 459 664 524 insitam
695 461 727 523 in
761 463 852 523 Deos
882 465 1118 534 vanmsmnam
1140 460 1171 544 9)

168 561 282 603 recens
302 539 419 621 religio
438 551 657 620 permoverat,
678 541 751 626 quia
772 543 907 604 militum
932 544 1093 622 romam,
1115 546 1173 606 Ca·

75 675 81 680 .
167 621 312 684 binorum
330 619 451 695 fanum,
465 618 554 703 qaod
574 632 647 681 ante
668 621 783 682 urbem
803 633 863 698 est,
884 566 1026 762 spdlliare
1043 643 1172 706 aggred

169 721 239 780 sos,
277 699 380 761 subita
405 709 579 778 tempestas
606 699 793 766 fulminibus
822 713 857 762 ct
886 703 1011 763 lamma
1038 703 1173 766 coelesti

169 791 396 844 consumserat.
438 776 586 840 Relictae
607 779 796 844 suntvets'am
817 779 943 862 effigies
973 793 1096 844 statuae
1120 801 1173 860 ue,

166 862 236 934 Diis
259 859 311 922 vel
332 856 531 934 hominibus,
552 859 674 924 virtute
694 861 983 940 praecellentibus,
1011 882 1072 942 per
1098 803 1173 928 dota

167 940 297 1024 publica
320 939 453 1022 positae.
498 933 736 1024 Proditum'que
764 952 813 1001 est
841 941 1033 1017 memoriae,
1061 941 1173 1022 luisse,

168 1023 224 1106 qui
250 1022 334 1082 inter
362 1019 648 1082 consternationem
683 1029 794 1099 captae
834 1020 903 1081 dire
928 1032 1046 1103 raeque
1082 1021 1173 1088 urbis

168 1123 280 1162 aurum
301 1099 438 1160 insinua
458 1109 514 1159 aut
537 1098 671 1160 amicula
692 1109 867 1160 statuarum
896 1123 913 1160 a
938 1101 1096 1178 diderint,
1125 1099 1197 1162 itt

168 1197 231 1266 qus
247 1181 369 1242 salvum
381 1179 575 1260 repererint,
595 1197 668 1238 cum
685 1179 730 1249 ¹⁰)
747 1179 901 1260 vigesimo
916 1191 989 1260 post
1004 1201 1084 1242 anno
1098 1180 1173 1242 Cas·

167 1263 292 1337 saudcr,
314 1255 593 1339 Antipatrililius,
615 1255 742 1316 Thebas
763 1259 964 1320 instauraret.
987 1259 1085 1342 Quod
1103 1260 1173 1342 qui·

167 1341 241 1402 dem
257 1361 320 1401 nou
341 1350 406 1398 tam
426 1334 647 1396 misericordia
662 1335 694 1394 in
709 1337 867 1419 profugos
880 1336 997 1398 secisse
1019 1339 1173 1414 creditur,

190 1441 262 1480 uam
283 1429 320 1478 ut
341 1414 525 1491 Alexandri,
539 1433 635 1496 quem
656 1413 788 1490 oderat,
808 1415 942 1499 gloriam
963 1417 1171 1480 detrectaret.

167 1443 368 1586 Quamquam
383 1505 490 1555 autem
503 1505 648 1556 veterem
669 1515 835 1556 murorum
857 1494 1010 1556 ambitum
1028 1496 1101 1556 urbi
1121 1516 1173 1555 re·

168 1580 339 1650 stituisset3
367 1593 407 1634 ne
432 1593 602 1646 tremores
623 1574 770 1655 antiquos
791 1572 896 1658 neque
918 1572 1080 1636 fortunam
1100 1575 1173 1636 red-

168 1661 246 1720 dere
267 1653 382 1739 potuit.
409 1595 582 1736 braquam
595 1663 708 1734 postea
720 1654 909 1732 resurrexit,
921 1665 958 1714 ut
971 1655 1174 1716 convalesce·

167 1743 227 1818 ret}
248 1736 306 1798 sed
318 1733 426 1794 multis
443 1731 580 1793 subinde
598 1731 828 1794 calamitatibus
847 1745 968 1810 vexata,
992 1734 1045 1795 via
1071 1733 1173 1794 tenuis

168 1818 279 1902 oppidi
295 1813 438 1900 speciem
460 1811 500 1872 ad
523 1810 709 1872 memoriam
725 1824 867 1874 nostram
886 1813 1028 1876 retinuit.
1058 1813 1174 1874 Poeni-

145 1901 264 1962 tuisse
306 1903 394 1956 ostea
415 1891 527 1952 ferunt
549 1889 784 1966 Alexandrum,
809 1890 898 1978 quod
919 1892 1033 1954 excisis
1055 1891 1174 1952 'l'habis

166 1982 256 2042 velut
268 1919 404 2038 alterum
414 1971 568 2032 Graeciae
589 1970 634 2049 11)
650 1971 777 2032 oculum
792 1971 945 2036 eruisset:
960 1973 1072 2055 utiquc
1085 1983 1174 2053 post·

169 2081 263 2144 quam
286 2054 361 2118 Cliti
384 2052 537 2130 caedem,
567 2062 602 2112 et
621 2051 833 2115 Macedonum
853 2051 1020 2132 ignaviam,
1045 2051 1174 2132 expedi-

166 2145 286 2202 tionem
313 2136 345 2196 in
378 2132 565 2214 penitiores*
583 2130 677 2192 Indos
711 2131 924 2214 pertinaciter
948 2133 1174 2206 recusantium,

166 2221 244 2280 iram
253 2214 365 2278 Liberi
378 2213 478 2296 patris
492 2211 721 2292 interpretatus
738 2221 798 2286 est,
819 2210 861 2272 oh
878 2209 1028 2272 asssictam
1040 2211 1174 2292 patriam

168 2295 324 2361 eiusmodi
343 2293 462 2374 poenas
483 2289 670 2371 repetentia.
704 2292 760 2350 vEt
781 2291 905 2380 reperti
929 2302 1019 2366 sunt,
1047 2290 1101 2426 poi
1128 2287 1171 2365 12)

125 2432 128 2438 ,
166 2381 266 2460 ipsam
295 2373 381 2453 regis
410 2381 567 2442 mortem,
608 2383 673 2431 non
703 2369 770 2428 sine
800 2369 937 2428 vindicta
965 2372 1049 2428 Bacc
1073 2368 1097 2445 i,
1134 2365 1173 2426 ab

168 2457 326 2518 ebrietate
360 2461 392 2510 et
428 2448 502 2509 vino
526 2445 709 2524 profectam
732 2446 915 2508 crederent.
956 2447 1015 2506 His
1036 2447 1080 2506 ita
1100 2467 1175 2526 per-

141 2538 143 2543 ’
167 2534 300 2617 patratis
331 2528 471 2589 Athenas
510 2524 614 2602 misit,
643 2524 821 2587 nuntiatum
855 2523 920 2602 ¹³),
956 2537 993 2586 ut
1018 2536 1173 2600 oratores,

168 2615 223 2698 qui
245 2609 402 2696 populum
423 2605 579 2666 adversus
599 2603 789 2666 Macedones
817 2605 980 2666 concitare
1008 2627 1071 2667 non
1092 2605 1173 2666 deai-

168 2704 292 2768 nerent,
313 2685 535 2762 traderentur3
562 2696 618 2748 aut
639 2683 666 2746 si
694 2684 767 2746 illos
788 2683 934 2746 amittere
955 2698 1174 2768 grauarentur,

170 2772 283 2834 eadem
316 2764 537 2830 contumaciae
572 2763 715 2846 praemia
749 2775 992 2845 exspectarent,
1034 2785 1173 2860 quorum

146 2852 353 2933 ‘exemplum
390 2845 423 2906 in
462 2842 688 2906 Thebanorum
728 2843 906 2906 calamitate
940 2856 1172 2928 conspicerent.

180 2981 354 3000 m

183 3055 186 3062 .
235 3073 263 3141 9)
283 3073 428 3134 Pausanias
448 3072 497 3122 lib.
514 3087 540 3137 9.
558 3073 662 3124 Plinius
680 3069 723 3136 34,
746 3071 771 3136 8,
793 3073 834 3125 ι5.·
854 3049 951 3125 Athen.
971 3091 995 3138 t,
1017 3073 1056 3127 15.

181 3163 185 3173 ·
238 3141 281 3209 ro)
299 3141 396 3192 Emmii
416 3139 539 3190 Graecia.
559 3139 736 3205 Diodor.-19,
756 3141 920 3198 taraone.
939 3141 986 3194 lib.
998 3155 1023 3208 9.
1037 3137 1171 3193 Plutarch.

168 3211 286 3270 Demetr.
305 3227 329 3260 c.
348 3211 391 3271 53.
409 3208 506 3258 Strabo
526 3209 573 3260 lib.
592 3213 617 3264 9.
661 3231 662 3236 =
699 3255 705 3268 ,

239 3294 265 3330 ιι
300 3275 461 3396 hfflffii}
479 3275 551 3399 appd
569 3275 646 3328 Phot.
666 3276 736 3326 Plut.
757 3293 780 3328 c.
800 3292 842 3327 ai.
861 3275 965 3344 Arrian.
987 3287 1013 3340 4,
1033 3281 1058 3340 2,
1081 3282 1120 3340 13.

241 3362 284 3482 id)
303 3411 417 3464 Diodor.
440 3379 480 3478 17,
500 3380 539 3466 15'.
553 3359 657 3462 drrian.
667 3409 740 3477 had,
751 3426 792 3478 29.
807 3411 941 3464 Plutarch.
952 3410 1084 3464 Phocion.
1095 3426 1118 3462 c.
1129 3425 1170 3460 21.
