2636 3860
497 1053 524 1121 r.
552 1052 828 1118 rnnrnsnnnn
890 1137 892 1140 Ι

20 1111 24 1118 ’
167 1188 1166 1358 surrtnmnuronum

645 1413 685 1453 IN

464 1523 506 1616 Q.
550 1520 897 1598 CURTIUnt'

582 1659 747 1714 urerer.

572 1833 758 1850 ——ss—-wu‘

243 1959 269 2022 l.
296 1959 484 2038 Alexandri,
521 1962 576 2045 qui
611 1963 772 2033 ademtum
802 1968 914 2046 Persis,
938 1968 1107 2058 imperium
1136 1971 1168 2038 in

166 2042 332 2104 Graeciam
349 2042 464 2120 intulit,
485 2042 581 2104 vitam
601 2055 697 2128 atque
722 2070 774 2110 res
797 2065 902 2134 gestas
924 2057 1052 2137 plurimi
1069 2057 1168 2120 Graea

166 2143 278 2184 corum
304 2135 579 2185 memoraverunt:
614 2145 654 2186 ex
684 2129 800 2210 quibus
826 2133 1002 2219 plerosque
1032 2157 1171 2220 operum·

118 2265 124 2272 ,
166 2223 298 2264 suorum
320 2215 530 2285 spectatores,
551 2205 704 2287 quosdam
727 2211 821 2272 etiam
844 2216 948 2277 socios
970 2229 1067 2301 etque
1081 2213 1168 2278 mini-

166 2296 260 2359 stros,
283 2284 409 2359 habuit3
433 2285 612 2362 nonnullos,
633 2297 669 2347 ut
691 2304 761 2351 erat
782 2294 891 2356 avidus
912 2317 1077 2361 mansurae
1098 2311 1169 2378 post

165 2376 303 2425 mortem
325 2364 463 2445 gloriae,
493 2363 534 2422 ad
560 2364 623 2426 hoc
647 2367 750 2446 ipsum
772 2375 937 2450 evocavit,
964 2387 1073 2436 utres
1096 2399 1167 2438 suas

72 2463 77 2470 ¹
165 2444 331 2503 traderent
345 2442 525 2524 posteritati
546 2443 584 2521 ¹).
619 2447 781 2524 Ceterum,
801 2465 932 2531 praeter
945 2455 1044 2533 ipsam
1058 2476 1169 2518 rerum

166 2521 429 2603 magnitudinem,
454 2522 559 2580 innata
586 2523 675 2603 genti
702 2525 880 2592 l'ahularum
901 2533 1019 2612 cupido
1041 2534 1168 2616 effecit,

166 2613 202 2659 ut
238 2621 351 2660 eorum
389 2600 569 2680 complures
594 2605 743 2664 monstris
776 2630 870 2692 quam
904 2633 983 2674 vero
1015 2615 1186 2679 similiora
1276 2612 1283 2624 ’

166 2678 362 2759 proderent:
378 2677 445 2752 fide
467 2680 765 2776 autemtdignissimi
786 2689 934 2752 videntur
953 2694 1167 2778 Ptolemaeus,

167 2759 221 2842 qui
236 2771 349 2840 postea
361 2761 514 2842 regnavit,
534 2772 568 2821 et
583 2761 798 2828 Aristobulus.
818 2771 944 2834 Etenim
960 2771 990 2854 ²)
1012 2778 1166 2842 exstincto

166 2839 226 2898 iam
257 2840 438 2902 Alexandro
473 2861 528 2901 sua
563 2841 731 2908 edentibus
759 2862 862 2912 metus
890 2865 923 2914 et
950 2860 1165 2921 assentationis

166 2939 278 2980 causae
305 2921 525 2998 decesserant,
554 2923 669 3006 quibus
696 2926 768 2990 fere
798 2935 1026 2998 narrandarum
1054 2957 1166 3000 rerum

166 3001 282 3062 veritas
304 3002 468 3082 corrumpi
488 3003 585 3066 solet:
621 3027 692 3066 nam
712 3010 933 3074 Ptolemaeum
962 3017 1055 3079 etiam
1082 3021 1165 3103 regii

165 3080 298 3142 nominis
323 3081 507 3163 dignitatem
528 3085 672 3146 mendaci
694 3087 827 3151 historia
846 3095 994 3174 polluere
1016 3099 1165 3180 voluisse,

166 3162 238 3242 quis
260 3161 433 3227 erederet?
453 3163 597 3244 Uterque
616 3178 722 3228 autem
736 3189 809 3230 cum
820 3173 927 3234 multis
949 3176 989 3236 ad
1002 3193 1055 3240 res
1068 3179 1165 3240 Alexa

166 3241 254 3301 andri
274 3243 505 3324 pertinentibus
525 3245 662 3328 negotiis
677 3269 740 3312 nen
753 3251 957 3318 interfuerint
979 3260 1088 3343 modo,
1109 3281 1163 3324 vc-

482 3336 490 3368 l

165 3373 357 3392 ————1⁴

232 3452 260 3588 ιζ
281 3455 371 3504 lustin.
393 3461 435 3528 ri¹
449 3448 476 3516 6,
493 3459 535 3515 id.

233 3537 247 3570 a
279 3525 384 3572 Arriae.
403 3525 431 3574 in
451 3491 561 3594 pracial·
