2636 3860
428 271 543 332 surra.
556 273 599 328 :us
617 247 833 342 ecuarrun
850 272 921 324 aa
1158 286 1172 337 7
1225 266 1230 272 ’

132 501 135 506 ¹
175 419 491 561 Olympiaspeperit,
510 420 638 488 nexunt
657 439 716 504 per
736 419 843 485 Asiam
866 421 1175 506 aomlnu'templum

173 501 349 583 Ephesiae
380 503 469 562 ianae
490 501 569 585 ignis
589 501 702 564 hausit.
742 502 988 564 Intulerateum
1012 505 1176 568 cuiusdam

173 581 308 645 hominis
327 581 446 663 perditi
466 579 576 658 furor3
612 583 678 680 qui,
706 583 954 664 eomprehensus
985 595 1174 668 tortusque,
1246 647 1248 652 .

172 683 236 726 non
260 662 320 727 alia
332 661 492 724 mente-id
513 663 707 731 commisisse
719 663 820 727 fassas
840 676 899 739 est,
923 685 1018 746 quam
1037 676 1075 726 ut
1089 686 1175 750 mag-

56 794 61 806 .
172 762 216 810 no
242 742 348 824 aliquo
370 742 513 806 facinore
532 744 718 810 memoriam
738 743 788 804 sui
814 741 995 806 diuturnam
1016 741 1173 812 efficeret.

172 821 260 906 Ergo
276 834 340 882 tam
358 821 450 884 foedi
464 823 602 905 exempli
623 817 745 885 cladem
761 844 824 886 non
844 824 934 886 istius
944 835 1073 886 tantum
1087 827 1174 888 aedis

172 903 285 964 damno
312 903 518 970 aestimavere
546 903 649 985 Magi,
677 903 736 988 qui
760 914 828 964 tum
848 903 969 986 Ephesi
993 903 1174 988 degebant3

171 1003 284 1044 verum
313 1003 374 1064 pro
400 983 527 1046 maioris
548 984 657 1046 ruinae
677 983 843 1124 praesepio
867 983 1037 1055 habentes,
1073 996 1175 1051 totam

171 1062 286 1124 urbem
305 1062 435 1124 moestis
462 1065 504 1133 im
529 1065 639 1128 lavere
661 1063 793 1126 cameri
816 1083 869 1124 ust
892 1076 1035 1129 exortam
1056 1065 1174 1128 alicubi

171 1141 284 1220 l'acem,
305 1143 397 1204 euius
417 1086 574 1224 incendio,
595 1141 729 1208 similem
752 1143 795 1214 ob
818 1163 960 1222 causam,
988 1156 1075 1212 totus
1098 1146 1174 1208 olim

171 1222 287 1282 Oriens
309 1221 560 1308 conflagraturos
582 1237 678 1290 esset.
719 1225 884 1304 Forte-¹⁰)
929 1245 965 1288 er
988 1225 1074 1288 idem
1093 1221 1173 1288 lem-

170 1323 230 1383 pus
252 1303 437 1365 Potidaeam
465 1305 707 1366 Atheniensium
728 1304 884 1366 coloniam
904 1246 1071 1398 ihilippus
1101 1296 1173 1368 sult-

170 1395 298 1464 egerat,
320 1403 393 1444 cum
417 1383 462 1463 ¹¹)
485 1397 519 1446 et
542 1385 690 1465 Olympia
714 1383 875 1467 quadrigis
897 1404 931 1444 se
958 1387 1070 1446 neusse
1098 1405 1174 1470 cog·

169 1464 287 1538 novit,
311 1475 345 1522 et
373 1483 390 1522 a
414 1463 641 1542 Parmenione,
681 1485 778 1550 quem
813 1465 845 1524 in
871 1463 993 1544 Illyrios
1025 1465 1173 1546 miserat,

168 1542 296 1604 maioris
326 1544 479 1604 momenti
508 1545 635 1608 nuntius
661 1545 764 1621 venit,
790 1542 870 1604 fusis
896 1544 1018 1626 ingenti
1045 1546 1172 1626 proelio

168 1623 328 1698 barbaris,
355 1623 544 1686 Macedonas
564 1645 722 1708 prospere
750 1623 951 1706 pugnavisse.
993 1625 1172 1688 Exsultanti

167 1714 232 1770 tam
252 1703 338 1766 laeto
358 1703 478 1788 ubique
500 1718 651 1767 vetorum
674 1705 760 1768 exitu
790 1703 884 1766 etiam
912 1704 952 1766 de
975 1704 1171 1800 Olympiadis

190 1796 262 1844 artu
285 1785 499 1846 renuntiatum
516 1799 587 1862 est:
608 1806 668 1848 nec
689 1783 876 1846 dubitavere
895 1795 996 1855 vates,
1017 1797 1171 1848 inmotum

166 1805 257 1942 lore,
294 1863 349 1948 qui
380 1864 464 1930 inter
502 1877 553 1928 tot
582 1865 788 1928 victoriarum
817 1863 936 1945 palmas
971 1877 1169 1934 nasceretur.
1244 1903 1250 1911 ·

165 1945 303 2020 Ferunt,
330 1955 381 2009 tot
400 1945 494 2008 simul
514 1967 745 2029 prosperarum
772 1963 882 2006 rerum
903 1945 1032 2008 cumulo
1056 1947 1170 2011 attoni·

165 2037 233 2087 tum
264 2045 377 2108 regem
405 2033 438 2088 et
468 2026 619 2088 invidiam
646 2024 753 2088 Deum
779 2025 917 2087 veritum
942 2025 1085 2088 oravisse
1105 2029 1167 2088 Ne·

165 2106 283 2182 mesin,
306 2117 343 2166 ut
362 2105 425 2166 hoo
445 2107 595 2170 fortunae
621 2104 811 2190 obsequium
836 2105 969 2168 modica
991 2107 1096 2190 aliqua
1120 2127 1169 2169 ca·

164 2186 304 2250 lamitate
331 2185 442 2247 ulcisci
474 2199 622 2252 contenta
649 2186 747 2250 foret.
801 2185 971 2248 Proditum
998 2186 1097 2267 etiarn
1120 2199 1169 2248 est
1243 2211 1245 2220 ·

165 2267 349 2342 memoriae,
370 2265 401 2326 in
423 2267 543 2350 oppido
564 2267 656 2330 Pella
677 2273 711 2340 ²²²)
733 2267 811 2328 duas
835 2265 955 2352 aquilas
980 2265 1012 2326 in
1032 2267 1169 2328 'culmine

164 2345 289 2424 domus,
308 2345 365 2406 ubi
385 2367 525 2439 puerum
546 2348 636 2407 enixa
666 2359 735 2410 erat
754 2346 877 2429 regina,
896 2357 965 2406 tota
986 2345 1038 2405 die
1058 2365 1169 2426 perse·

163 2426 271 2486 disset
300 2425 426 2487 Gemmi
450 2443 512 2508 per
531 2427 697 2505 Europam
716 2426 888 2507 Asiamque
912 2425 1039 2503 imperii
1069 2445 1169 2505 augu-

163 2505 247 2564 rium
272 2504 305 2563 id
332 2503 452 2582 fuisse,
472 2515 547 2585 pust
570 2515 725 2570 eventum:
744 2503 838 2564 l'aeile
861 2502 1062 2582 interpretati
1084 2515 1167 2570 sunt.

164 2587 298 2642 Terram
319 2595 539 2678 quoquotum
552 2583 702 2660 movisse,
722 2601 929 2665 magnamque
950 2582 1167 2646 tonitruorum

163 2661 396 2743 fulminumque
433 2682 497 2726 vim
531 2663 675 2744 erupisse
714 2661 831 2740 coelo,
869 2672 1016 2724 auctores
1052 2663 1166 2728 habeo.
1270 2695 1277 2708 ·

163 2743 259 2802 Natus
277 2739 322 2815 ¹²)
344 2753 393 2804 est
413 2755 529 2824 autem,
548 2754 584 2806 ut
603 2741 820 2808 accuratiores
832 2741 973 2822 tradunt,
995 2743 1167 2826 incipiente

172 2881 351 2897 μ

231 2967 262 3008 1'0
292 2955 427 3014 Plutarch.
442 2919 471 3008 c.
490 2954 514 3021 4.
991 2979 994 2986 ’

231 3042 257 3076 ιι
293 3023 386 3076 lustin.
407 3041 449 3092 ra,
470 3024 515 3090 ιθ,
540 3024 566 3075 6.
592 3022 743 3076 Plutarch·
757 3021 920 3078 eonsul‘ad
938 3023 1028 3094 Apoll.
1050 3041 1073 3076 c.
1092 3041 1118 3092 9.
1136 3035 1163 3078 et

161 3093 262 3228 apopill
271 3109 494 3230 llddipdir.9ldela
512 3178 538 3227 a,
554 3161 580 3211 3.
595 3161 669 3211 Serv.
691 3160 725 3210 ad
737 3159 811 3238 Yirg.
821 3157 951 3225 Georgd,
964 3160 1022 3224 278.
1032 3161 1161 3232 Antonin.

229 3223 638 3306 12)'Oltvpttt.'Avaypaqnj.
672 3228 794 3293 Buntmg.
820 3225 952 3280 Chtonol.
971 3229 1026 3278 lac.
1047 3231 1160 3298 Cappel.
1241 3275 1246 3280 .

160 3313 187 3362 in
209 3313 270 3364 laist.
289 3327 366 3362 sacra
387 3319 414 3362 et
432 3327 463 3360 cx
485 3302 872 3382 Plutarch.c.4.1)em0nu.
895 3302 929 3356 d'e
957 3321 1068 3382 corona.
1094 3308 1160 3358 Gel-

160 3383 221 3447 lius,
239 3397 264 3447 7,
281 3397 318 3432 aa.
336 3379 411 3432 uiso.
434 3378 499 3458 llis}
517 3384 546 3444 2,
563 3381 589 3436 A.
700 3423 702 3428 .
