2660 3864
185 353 233 406 100
554 337 574 390 l.
591 333 813 390 FRElNSllEMll

183 499 444 578 perrumperent.
488 487 569 549 Nam
605 483 694 548 forte
722 482 766 544 ita
793 483 979 566 prociderat
1008 483 1121 556 turris,
1153 495 1191 544 ut

185 595 279 658 quam
299 589 465 632 murorum
495 578 620 649 partem
649 575 733 625 stans
762 575 969 645 protexerat,
1004 585 1064 624 non
1089 565 1191 623 minus

184 653 275 714 ruina
296 649 433 732 sepiret:
457 647 609 729 civesque
630 665 751 706 summa
776 665 838 726 ope
859 644 1067 714 resistebant,
1097 656 1130 704 et
1151 643 1192 703 ab

186 726 517 794 Halicarnassensibus
538 725 787 800 adiuvabantur,
814 735 916 806 quos,
937 723 1046 784 addito
1067 723 1193 786 vicinae

185 811 320 875 civitatis
343 807 500 890 periculo,
520 805 677 866 maritimo
691 803 805 866 itinere
819 807 967 865 Memnon
992 803 1194 868 sulnniserat.

185 893 232 953 lta
254 899 385 952 conatus
406 883 617 948 Macedonum
637 885 746 944 irritus
767 884 840 950 l'uit.
861 885 1051 957 Alexander,
1074 883 1114 942 ad
1136 883 1194 943 obss

186 971 342 1034 sidionem
375 965 586 1026 Halicarnassi
620 976 790 1038 reversus,
826 975 898 1024 ante
932 965 1035 1026 omnia
1063 963 1195 1038 lessam,

186 1051 317 1130 triginta
337 1046 473 1106 maxime
494 1043 618 1104 cubitos
639 1045 744 1116 latam,
766 1045 861 1106 altam
882 1044 1073 1127 quindecim,
1098 1057 1196 1124 quam

187 1131 297 1193 hostes
320 1141 380 1208 pro
403 1125 485 1184 urbe
507 1123 680 1200 duxerant,
701 1143 739 1184 ex
764 1125 905 1199 leturus,
929 1135 996 1184 tres
1018 1123 1195 1184 testudines

189 1213 337 1292 apparat,
363 1203 480 1288 quibus
508 1215 676 1284 protectus
704 1145 795 1266 mdes
823 1203 987 1264 materiam
1009 1215 1196 1286 terramque

190 1293 259 1350 sine
281 1307 365 1348 noxa
386 1295 589 1366 congereret.
611 1285 755 1368 Aequata
777 1282 875 1360 fessa,
896 1294 1002 1344 turres
1024 1281 1197 1343 machinas·

190 1389 265 1455 que,
288 1366 403 1451 quibus
427 1364 510 1424 muri
533 1369 730 1441 sternuntur,
752 1363 917 1424 admoveri
937 1363 1028 1424 iussit
1053 1361 1197 1442 ³)01anna

191 1464 256 1534 que
277 1446 375 1508 strata
400 1443 601 1504 moeniorum
623 1455 733 1525 parte,
755 1465 818 1526 qua
838 1443 949 1504 ruinae
970 1443 1053 1518 riam
1073 1441 1197 1524 aperie-

191 1529 277 1604 bant,
297 1527 329 1586 in
353 1523 468 1584 urbem
487 1534 658 1604 penetrare
682 1523 882 1598 nitebantur3
905 1523 963 1584 sed
982 1521 1103 1598 hostes,
1123 1535 1198 1582 eum

192 1609 234 1670 ob
267 1602 500 1667 multitudinem
537 1595 653 1664 interi
685 1602 819 1664 subinde
848 1601 942 1664 fessis
976 1603 1198 1676 succederent,-

193 1689 376 1768 ducumque
393 1683 572 1764 praesentia
587 1623 628 1744 ad
646 1683 750 1743 omnia
765 1682 910 1744 audenda
922 1685 1199 1758 confirmarentur,

193 1779 322 1830 strenue
356 1761 586 1843 repugnabant.
630 1765 739 1842 Luce·
757 1758 788 1842 i)
817 1763 994 1844 pervarie
1027 1759 1199 1824 cortamina

194 1854 368 1919 consumta,
391 1861 465 1904 eum
487 1842 602 1903 diurno
623 1843 735 1905 labore
756 1838 906 1926 fatigatos
926 1831 1037 1904 hostes
1049 1844 1198 1902 Memnon

194 1926 322 2008 segnius
354 1921 515 1983 custodias
538 1935 635 2005 'agere
667 1921 833 2000 erederet,
873 1934 945 1982 cum
972 1921 1076 1983 valida¹
1104 1935 1198 1982 manu

193 2002 376 2144 gporumpit
411 2000 549 2080 oppido,
589 2003 761 2086 ignemque
796 2002 947 2084 operibus
977 2003 1085 2066 iniicit.¹
1132 1999 1199 2060 Sed

228 2080 421 2143 aoedonibus
457 2073 497 2140 ad
523 2079 705 2141 incendium
746 2074 1027 2158 concurrentibus,
1060 2094 1132 2143 oum
1164 2079 1199 2140 hi

196 2163 397 2243 exstinguere
418 2155 559 2219 {lammae
579 2163 788 2238 conarentur,
809 2159 856 2221 illi
883 2165 1049 2245 augerent,
1070 2174 1103 2222 et
1123 2175 1200 2243 pro-

194 2241 379 2305 hibentibus
401 2239 464 2301 vim
485 2237 686 2314 intentarent,¹
707 2261 782 2302 aere
796 2240 957 2322 proelium
973 2245 1119 2304 coortum
1142 2252 1198 2302 est.-

229 2325 261 2384 ui
285 2343 326 2404 pe
350 2319 540 2381 Macedones
564 2319 684 2384 robore
706 2322 833 2382 virtutis
862 2332 895 2383 et
921 2323 1122 2390 assuetudine
1143 2336 1200 2401 pe-

196 2345 373 2468 riculorum
393 2399 489 2481 longe
510 2405 708 2481 praestantes
732 2401 889 2475 hostibus,
909 2419 1043 2466 numero
1067 2413 1199 2482 appara·

196 2499 299 2568 tuque
312 2485 485 2543 Persarum
504 2480 724 2561 urgebanturt
746 2494 779 2543 et
800 2481 872 2565 quia
886 2480 971 2542 haud
993 2482 1110 2564 procul
1132 2493 1200 2540 nur-

197 2569 240 2628 ris
261 2583 314 2623 res
342 2559 533 2643 gerebatur,
561 2559 694 2620 ballistis
718 2561 958 2644 catapultisque
989 2576 1050 2643 per
1069 2560 1201 2622 moenia

198 2642 360 2724 dispositis
381 2642 502 2702 eminus
523 2638 676 2719 impetiti,
711 2641 810 2702 inulta
836 2641 970 2703 vulnera
991 2641 1200 2723 accipiebant

198 2728 302 2786 Atrox
329 2721 413 2780 inter
439 2720 518 2781 haec
542 2719 705 2803 utrimque
732 2721 869 2796 clamor,
900 2721 1093 2782 hortantium
1116 2733 1201 2795 suos,

199 2799 428 2882 increpantium
451 2799 622 2873 adversos3
650 2812 718 2862 tum
739 2802 920 2865 sauciorum
942 2812 975 2863 et
998 2801 1201 2862 morientium
1258 2859 1262 2866 ,
1326 2773 1328 2824 l

199 2882 356 2968 gemitus,
384 2879 468 2939 inter
495 2889 664 2940 nocturnas
698 2879 847 2942 tenebras
874 2881 978 2942 omnia
1005 2887 1132 2944 terrore
1153 2887 1201 2939 tu·v

199 2962 368 3043 multuque
389 2958 615 3040 impleverant:
641 2959 840 3045 augebantur
858 2962 939 3023 haee
960 2961 1094 3024 vocibus
1117 2963 1201 3021 cete·

199 3062 255 3105 rae
271 3038 492 3117 multitudinis,
512 3053 605 3122 quae,
622 3041 699 3104 dum
719 3041 772 3104 alii
791 3053 943 3128 pugnant,
964 3041 1056 3124 operi
1075 3041 1203 3116 intenta,

197 3219 393 3242 —u-nfi-

316 3340 430 3406 Diodor,
453 3356 493 3420 17,
511 3337 553 3416 24.
572 3340 708 3406 Vitruvius
726 3344 768 3416 ld,
787 3356 821 3406 a'o
839 3350 865 3406 el
882 3358 924 3410 2'1·

314 3421 418 3474 Arrian.
441 3437 463 3489 r,
483 3437 508 3490 7,
526 3422 553 3474 8.
