2660 3864
190 367 224 418 33
557 359 578 412 1,
596 355 816 424 rnarrsnauu

190 507 297 570 Asiam
325 505 402 568 belli
422 515 602 579 auctorem,
640 506 695 590 qui
716 525 755 568 ex
784 505 870 568 lecto
891 503 924 564 in
941 503 1064 564 lectum
1084 512 1187 563 trans-

191 589 297 653 siliens
317 587 518 668 procidisset.
546 586 633 647 Inde·
647 587 708 646 sibi
727 585 884 668 matrique
905 583 994 644 iuxta
1011 585 1137 660 timens,
1155 585 1187 644 in

190 669 305 750 Epiro,
328 667 381 728 cui
405 665 507 727 frater
527 666 724 749 Olympiadis
745 678 919 748 praeerat,
949 684 1017 724 eam
1038 663 1187 746 reliquit:

190 751 259 831 ips‘e
281 746 319 808 ad
332 747 512 828 lllyriorum
524 766 635 830 regem
648 745 815 829 profectus
830 757 888 808 est.
910 745 1028 806 Postea
1043 763 1186 839 quoque,

191 850 263 892 cum
287 827 530 890 reconciliatore
545 829 718 889 Demarato
738 825 903 888 Corinthio
921 825 955 884 in
970 826 1187 887 Macedoniam

190 909 314 970 reversi
335 919 449 984 essent,
473 909 650 989 pervicacis
671 907 787 1002 ingenii
807 906 922 968 mulier
941 902 1052 980 filium,
1073 918 1187 988 suopte

190 989 317 1072 ingenio
347 988 508 1070 potentiae
537 988 679 1066 anxium,
706 987 838 1048 incitare
872 1007 936 1047 non
969 985 1109 1064 destitit,
1141 997 1188 1064 ut,

192 1090 272 1153 quos
293 1080 412 1151 posset,
432 1067 624 1129 humanitate
645 1080 699 1128 aut
724 1069 857 1149 pecunia
886 1067 918 1127 in
941 1067 1109 1128 amicitiam
1128 1067 1188 1127 illi-

191 1161 299 1224 cerct,
326 1160 359 1210 et
385 1149 535 1210 adversus
562 1149 754 1209 iracundiam
781 1148 880 1230 patris
915 1148 1009 1210 etiam
1035 1145 1189 1208 affinitate

191 1231 368 1312 potentium
387 1229 549 1290 hominum
570 1249 605 1290 se
626 1229 773 1290 muniret.
801 1227 882 1290 Sane
904 1226 939 1307 6)Ι
964 1227 1040 1287 olim
1059 1249 1189 1290 monue-

191 1322 240 1370 rat
261 1309 445 1390 Philippus,
472 1321 508 1370 ut
535 1309 720 1370 affabilitate
740 1309 800 1369 sibi
822 1309 1007 1382 conciliaret
1027 1307 1189 1370 hominurn

193 1391 312 1466 studia3
334 1391 517 1473 largitiones
542 1402 648 1450 autem
674 1411 738 1452 non
759 1410 861 1472 nsque
882 1409 1010 1472 quaque
1030 1387 1189 1468 probave-

192 1483 251 1547 rat,
274 1471 368 1532 etiam
390 1489 449 1551 per
469 1469 577 1531 literas
599 1471 757 1551 increpito
784 1468 815 1551 ⁷)
837 1469 980 1530 instituto
1002 1468 1080 1546 eius,
1102 1469 1189 1554 quod

192 1551 446 1612 benevolentiam
480 1551 615 1610 auderet
649 1571 663 1609 s
688 1571 779 1612 erare
814 1549 852 1611 ab
884 1548 1080 1627 hominibus,
1109 1568 1188 1633 quos

192 1629 376 1690 muneribus
398 1631 602 1711 corrupisset.
623 1571 721 1706 Falli,
757 1631 871 1714 quire
894 1629 959 1689 ium
986 1628 1020 1688 id
1046 1641 1189 1710 putaret:

98 1739 99 1742 ¹
156 1721 186 1782 s
192 1711 327 1787 ministri
351 1721 384 1770 et
401 1709 574 1771 diribitoris
596 1708 737 1770 officium
759 1731 839 1772 esse.
873 1651 1005 1773 berum
1027 1709 1189 1792 cumipse

81 1809 83 1813 ·
192 1791 347 1873 pecuniae
374 1790 477 1850 omnia
505 1791 713 1871 penetrabilia
741 1791 890 1865 iactaret,
916 1809 1018 1874 eaque
1046 1784 1076 1868 3)
1105 1789 1190 1850 haud

86 1883 87 1892 ¹
194 1871 295 1932 minus
330 1890 424 2008 saepe
458 1893 551 1953 quam
587 1872 681 1930 armis
716 1883 882 1948 uteretur,
915 1891 979 1932 non
1004 1881 1070 1930 tam
1102 1883 1190 1932 recta

193 1951 376 2032 praecipien
400 1950 528 2012 istudio
551 1951 594 2010 ita
612 1951 775 2032 scripsisse
789 1953 875 2015 risus
897 1962 956 2026 est,
977 1971 1072 2033 quam
1093 1962 1189 2024 metu,

193 2051 233 2091 ne
258 2029 296 2088 ab
318 2029 521 2092 adolescente
534 2027 600 2091 lilio
613 2031 677 2091 suis
693 2031 812 2091 artibus
827 2041 1075 2127 oppugnaretur.
1103 2029 1190 2090 Idem

147 2110 376 2204 fobiurgavit
401 2109 631 2186 Alexandrum,
660 2111 748 2194 quod
768 2111 932 2174 Pexodori
952 2109 1066 2187 liliam,
1095 2114 1190 2194 quarn

193 2190 332 2252 Atridam
353 2189 567 2251 destinaverat
586 2203 694 2272 pater,
716 2191 913 2266 ambivisset,
934 2191 1138 2272 degenerem,
1159 2203 1192 2252 et

193 2269 338 2344 fortuna,
371 2270 401 2328 in
435 2272 522 2330 cuius
551 2275 641 2352 spem
662 2270 871 2345 educaretur,
901 2271 1064 2354 indignum
1084 2273 1191 2352 appel·
1214 2285 1215 2290 ’

192 2351 286 2412 lando
309 2345 356 2430 9),
378 2349 434 2433 qui
455 2352 570 2410 Carem
589 2351 780 2429 barbarum,
807 2352 1007 2435 barbaroque
1028 2351 1098 2433 regi
1118 2351 1191 2412 sult-

192 2432 327 2504 iectum,
352 2451 501 2492 socerum
527 2444 662 2512 optaret.
695 2432 761 2500 sea
786 2431 830 2512 10)
854 2434 935 2514 ipse,
957 2443 994 2491 ut
1015 2431 1190 2512 potentiam

194 2533 283 2572 suam
312 2509 468 2587 firmaret,
503 2513 621 2572 nullam
656 2513 870 2583 conditionem
902 2523 1084 2594 aspernatus
1113 2524 1190 2589 erat,

194 2591 270 2674 quin
291 2612 331 2652 ex
350 2591 523 2672 asperrima
551 2592 698 2654 barbarie
718 2594 839 2674 Illyrias
868 2594 1061 2674 Geticasque
1081 2593 1191 2652 mulie—

195 2692 247 2732 res
276 2671 474 2732 matrimonio
501 2673 664 2754 iungeret:
708 2694 898 2758 quamquam
926 2695 967 2734 ex
1002 2673 1069 2733 aliis
1083 2673 1192 2737 ,etiam

158 2751 347 2844 furoribus
375 2751 608 2840 pollicibusque
637 2753 819 2836 complures
847 2753 968 2822 liberos
990 2753 1191 2836 suscepisset.

307 3038 443 3095 Plutarch.
463 3039 642 3110 apophthegg.
662 3058 685 3093 c.
704 3043 746 3093 31.

262 3126 275 3178 7
312 3112 407 3164 Cicero
426 3106 460 3159 de
482 3108 526 3159 off.
546 3115 572 3173 2,
593 3114 632 3162 15.
651 3112 710 3162 Val.
729 3112 799 3162 Man.
819 3117 845 3173 7,
865 3126 890 3175 a,
908 3110 933 3162 8.
1005 3159 1009 3179 ,

262 3181 278 3234 8
308 3179 413 3232 Diodor
432 3182 476 3239 16,
494 3181 535 3232 55.
553 3178 689 3234 Plutarch.
709 3179 888 3250 apophthcgg.
906 3196 929 3230 c.
949 3179 991 3236 31.

261 3254 278 3306 9
307 3243 442 3299 Plutarch·
463 3261 487 3294 c·
508 3249 549 3298 16.
937 3259 939 3266 ·

267 3321 307 3388 to)
327 3318 477 3372 Athenaeus
501 3336 526 3384 1,
553 3323 587 3373 13.
615 3321 766 3390 Stephanus
786 3323 890 3393 Byzant.
914 3343 937 3373 v.
964 3317 1062 3392 yreia.
1087 3323 1190 3376 Aelian.

195 3413 263 3446 varr.
284 3397 343 3444 hist.
360 3398 399 3458 13,
419 3396 459 3456 36.
472 3394 597 3446 lornand.
615 3395 649 3452 de
666 3399 792 3454 reb.Get.
812 3416 836 3453 c.
858 3412 897 3452 ιο.
915 3401 955 3450 lo.
974 3400 1085 3467 Magnus
1102 3401 1127 3468 3,
1152 3415 1190 3458 tt·

195 3463 330 3515 Plutarch.
351 3461 528 3532 apophthegg.
550 3481 574 3514 c.
594 3465 633 3517 33.
