2660 3864
18 829 19 840 ¹
109 891 117 904 ,
176 824 378 908 irreparabili
398 845 469 886 cum
491 845 632 904 ipsorum

78 1773 81 1782 ,
170 1705 349 1770 iusserunt:
370 1703 527 1786 Diogeni,
549 1704 643 1786 quio

366 371 372 376 ’
428 359 543 439 SUPPL.
561 359 599 408 ΙΝ
618 358 826 425 Q.CUR¹r1Ul1
842 361 872 410 L.
890 360 923 422 ll.
1117 367 1168 441 ‘m

132 518 138 529 “
179 503 374 566 bosanham
394 505 679 579 circumvallasset,
701 517 734 566 et
755 507 880 566 occulto
905 519 1013 590 portu,
1033 510 1172 568 narium·

178 605 242 666 que
268 585 454 646 stationibus
499 605 535 644 er
557 596 734 677 opportuna
754 586 823 646 loca
845 586 1019 666 dispositis,
1042 606 1082 646 ne
1108 609 1171 670 qua

178 665 320 738 subsidio
344 606 543 736 venientiisus
565 664 666 732 aditus
687 667 1049 746 patc1·ct,providissot;
1073 668 1169 748 pesti-

176 748 256 808 lenti
286 744 400 806 morbo
436 756 620 826 correptor,
653 745 849 883 praeclaram
875 747 1043 808 Persarum
1071 768 1171 828 spem,

493 825 499 838 ⁸
676 845 782 899 amno,
809 824 959 890 deseruit.
1006 825 1069 887 Sed
1098 847 1171 888 cum

176 929 211 970 se
233 908 294 967 iam
315 906 412 965 morti
431 904 567 968 vicuium
591 904 792 987 intelligeret,
817 904 1031 982 Pharnabazo,
1052 907 1170 982 soror-is

177 993 253 1048 suae
279 984 356 1061 lilio,
382 1006 477 1069 quem
500 985 661 1046 Artabazo
683 998 869 1066 pepererat,
889 984 1058 1066 imperium
1079 1007 1170 1048 suum

175 1067 316 1141 tradidit,
338 1067 440 1127 donec
461 1066 595 1141 Darius,
615 1085 652 1126 re
674 1077 852 1145 comperta,
886 1065 977 1125 aliter
1006 1077 1168 1131 statueret.

176 1147 239 1208 Hic
273 1167 345 1206 cum
380 1145 621 1227 Autophradate
660 1144 706 1217 ¹⁶]
742 1144 847 1205 classis
877 1145 1040 1226 praefecto
1066 1147 1170 1208 munia

174 1227 310 1308 partitus
335 1248 374 1288 eo
394 1226 522 1288 tandem
534 1225 679 1286 obsessos
692 1223 806 1307 adegit,
820 1235 865 1299 ut,
886 1244 1001 1286 securo
1021 1225 1169 1306 praesidii
1203 1257 1206 1262 ·

174 1307 317 1367 discessu
337 1317 442 1386 pacto,
464 1306 634 1380 columnas,
655 1307 725 1387 quis
739 1303 881 1380 foederis
895 1325 967 1378 cum
984 1305 1168 1381 Alesandeo

172 1387 264 1468 leges
285 1385 460 1466 insculptae
490 1395 596 1460 erant,
617 1383 858 1461 subverterent,
883 1385 1050 1468 Darioque
1071 1385 1169 1470 fidem

171 1465 312 1547 polliciti
333 1464 493 1526 dimidiam
518 1465 660 1525 exsulum
681 1485 812 1526 suorum
831 1475 954 1545 partem
974 1464 1041 1532 reci
1066 1477 1168 1530 erent.

171 1550 216 1606 At
235 1548 355 1606 Persae
379 1566 442 1620 non
465 1545 587 1638 integra
609 1542 673 1604 lide
702 1544 804 1625 pactis
825 1556 966 1620 stetere,
993 1565 1027 1605 se
1069 1545 1167 1606 intro·

171 1625 278 1687 ductis
292 1625 323 1685 in
337 1625 451 1686 urbem
465 1623 648 1684 militibusL
669 1622 833 1684 comodem
847 1623 1005 1686 Rhodium
1019 1644 1168 1706 praeesse

645 1646 668 1762 i
687 1703 791 1777 studia
812 1704 843 1763 in
859 1705 973 1764 Persas
998 1704 1168 1783 exsulerat,

169 1787 293 1867 patriae
313 1785 450 1865 tyrannis
469 1783 583 1844 tradita
604 1795 662 1844 est.
690 1784 828 1844 Pecunia
847 1783 997 1865 deinceps
1019 1785 1167 1865 privatim

171 1865 211 1925 ab
240 1865 479 1960 opulentissimo
513 1883 642 1956 quoque
672 1885 731 1945 per
758 1863 821 1925 vim
844 1862 961 1928 ablata:
993 1884 1099 1947 neque
1125 1885 1166 1927 eo

169 1945 273 2005 minus
296 1954 486 2026 imperatum
506 1944 675 2021 tutatum,
694 1943 781 2028 qnod
801 1963 966 2020 commuue
987 1944 1167 2026 Mitylenae.

170 2046 265 2088 orum
283 2025 450 2107 penderet,
708 2036 710 2041 ’
979 2051 984 2057 ·
1046 2029 1048 2040 “

168 2191 364 2203 ——a-—o

237 2289 276 2358 ιδ)
300 2289 406 2352 Arrian-
425 2301 451 2355 2,
473 2305 494 2350 ι,
515 2286 569 2352 ld
