2636 3860
186 313 274 383 xxll
503 333 598 394 one.
621 329 741 388 euerso
764 331 854 384 auro

183 479 289 540 solum
309 472 471 548 rideatur,
497 471 554 538 sed
574 470 687 554 Lipsio
709 481 742 535 et
761 469 950 547 Perizonio,
973 487 1111 552 quormn
1133 470 1183 532 bic

187 580 219 640 iu
238 575 350 638 Curtio
371 574 528 642 vindicato
551 596 583 656 p.
607 580 637 644 9.
660 572 892 650 disertissimae,
913 571 967 640 ille
988 571 1019 632 in
1039 571 1123 632 notis
1145 573 1184 632 ad

137 717 142 732 ›
186 681 251 741 lib·
264 682 292 755 1,
309 675 436 738 Politic.
451 695 478 739 c.
494 694 523 756 9.
545 694 643 757 supra
664 696 759 760 quam
780 672 888 736 dicere
908 672 1011 753 possit
1030 670 1182 734 facundas

186 781 335 862 appellat.
368 778 564 858 Elegantiam
585 790 691 839 autem
711 774 865 839 sermonis
886 773 1028 834 universi
1048 773 1183 835 maiores

164 880 296 955 nostri,
316 899 379 940 non
400 878 472 940 dico
491 877 619 940 turbam
640 880 790 956 istorum,
816 876 871 961 qui
896 875 1049 959 quicquid
1069 896 1110 936 ex
1133 899 1184 938 an·

154 1013 157 1018 ¹
186 983 333 1066 tiquitate
353 992 503 1060 superest
529 981 561 1040 in
590 981 717 1044 coelum
743 979 833 1062 quasi
860 975 1018 1054 evehunt,
1046 979 1104 1040 sed
1124 980 1184 1062 ipsi

187 1083 349 1167 principes
370 1083 484 1174 barum
503 1083 668 1147 literarum
687 1095 856 1164 tantopere
878 1079 1025 1140 admirati
1045 1094 1127 1161 sunt,
1150 1095 1184 1144 ut

90 1187 92 1196 '
187 1206 251 1246 non
271 1183 406 1244 multum
427 1185 466 1245 ab
493 1185 674 1267 integritate
702 1183 908 1248 Ciceroniana
937 1180 1048 1243 abesse
1077 1203 1185 1248 cense-

186 1299 268 1349 rent.
288 1288 367 1346 Nam
388 1284 503 1368 quibus
524 1287 622 1350 rebus
644 1287 859 1347 imminentem
885 1284 1061 1348 Latinitatis
1082 1288 1185 1350 labem
1266 1320 1270 1335 -r

187 1387 407 1473 agnoscimus,
434 1391 581 1470 poeticae
610 1410 706 1453 voces
731 1390 763 1450 in
786 1408 915 1472 prosam
943 1389 1120 1451 orationem
1140 1391 1185 1453 in·

187 1493 313 1570 ductae,
336 1492 566 1572 particularum
579 1496 626 1558 vis
640 1496 798 1577 neglecta,
811 1490 904 1554 verbi
920 1487 1093 1552 modorum
1107 1503 1186 1553 tem-

188 1612 370 1676 porumque
396 1612 472 1658 usus
507 1595 609 1657 minus
637 1607 824 1670 accuratus,
851 1592 883 1652 in
910 1591 996 1652 omni
1023 1613 1061 1654 re
1082 1595 1186 1676 expri-

187 1695 301 1760 menda
321 1706 434 1778 argute
463 1695 590 1759 dicendi
618 1699 759 1762 studium
783 1709 815 1758 et
838 1692 1004 1756 brevitatis
1031 1695 1187 1778 quaedam

186 1799 267 1862 falsa
287 1797 421 1880 species,
437 1801 532 1860 etiam
553 1800 735 1862 omittendis
757 1799 906 1864 orationis
926 1797 1090 1882 particulis
1113 1817 1187 1860 ver·

188 1902 286 1985 bique
319 1899 506 1962 substantivi
534 1900 647 1964 formis
676 1923 748 1964 sese
770 1893 941 1986 prodens,
973 1902 1053 1965 haec
1083 1901 1187 1964 omnia

187 2002 274 2086 apud
295 2000 456 2079 Curtium,
477 2003 504 2062 si
525 2003 557 2064 in
576 2001 761 2073 universum
781 2005 921 2086 judiees,
954 2027 1018 2070 nou
1038 2005 1187 2088 reperiri,

187 2109 215 2168 si
240 2103 363 2186 singula
385 2107 562 2168 accuratius
589 2085 756 2193 explores,
787 2109 849 2170 iam
876 2109 1188 2192 appropinquasset

187 2205 275 2291 quasi
295 2205 446 2286 protendi
467 2211 622 2274 censebis.
661 2214 829 2277 Pertinere
858 2211 921 2272 huc
942 2210 1073 2272 videtur
1094 2209 1188 2272 omis·

187 2311 234 2374 sio
267 2309 541 2390 praepositionum
569 2322 600 2374 in
631 2329 665 2378 et
696 2316 754 2386 ab,
787 2325 820 2374 et
847 2312 1001 2396 Frequens
1034 2311 1188 2395 imprimis

186 2410 361 2476 accusativi
389 2413 474 2493 apud
503 2413 713 2496 infinitivum,
748 2416 847 2479 dativi
868 2427 901 2478 et
920 2416 1090 2478 accusativi
1111 2435 1188 2476 usus

187 2517 225 2580 ad
238 2516 355 2579 Graeci
368 2519 522 2580 sermonis
537 2521 770 2603 proprietatem
784 2519 1020 2596 accomodatus,
1039 2519 1187 2600 poeticae

186 2638 283 2682 voces
304 2619 362 2680 sed
383 2619 553 2683 admodum
566 2643 664 2704 parce
685 2634 718 2683 et
741 2621 887 2684 modeste
909 2633 1089 2702 usurpatae,
1111 2641 1188 2702 qua·

188 2722 235 2784 les
249 2733 322 2783 sunt
338 2727 468 2790 iuventa,
481 2743 597 2800 suevus,
614 2724 685 2801 alia,
707 2745 799 2806 quae,
815 2721 897 2808 „quia
916 2733 992 2783 sunt
1012 2719 1189 2796 subtiliora,

190 2827 292 2888 minus
320 2827 405 2887 bene
433 2822 541 2885 verbis
565 2823 718 2904 explicari
738 2843 834 2907 quam
857 2842 952 2884 sensu
972 2821 1097 2906 percipi
1116 2840 1189 2902 pos·

188 2943 271 2994 suut.
314 2924 492 3006 Praecipue
523 2925 554 2986 in
586 2923 807 2985 describendis
835 2925 914 2987 locis
942 2937 976 2986 et
1002 2922 1188 3006 regionibus

187 3033 365 3096 orationem
383 3028 522 3112 poeticis
537 3025 701 3088 coloribus
723 3025 899 3112 distinguit,
920 3029 978 3090 sed
998 3027 1055 3093 ubi
1077 3028 1116 3089 ad
1136 3025 1207 3088 re?

186 3156 258 3196 rum
279 3145 441 3217 gestarum
461 3129 677 3192 narrationem
696 3131 864 3212 procedit,
887 3134 1016 3217 antiqua
1038 3130 1188 3214 simplici-

185 3249 232 3298 tas
255 3237 378 3313 elucet,
398 3254 504 3318 neque
526 3254 596 3296 eam
621 3254 684 3297 non
697 3234 831 3316 prodit,
863 3232 919 3295 ubi
946 3233 986 3296 dc
1012 3235 1189 3298 admirabili

187 3338 272 3420 regis
297 3330 423 3420 ingenio
451 3340 598 3421 exponit,
634 3359 731 3423 quem
758 3341 865 3403 locum
888 3361 951 3402 non
979 3333 1091 3402 dubito
1112 3339 1188 3422 quin
