2636 3860
189 337 261 400 vut
516 357 559 398 os
582 359 611 420 q.
632 353 752 403 enarro
773 358 858 404 auro

189 499 280 560 etiam
297 496 337 558 de
355 496 483 573 Curtio,
513 519 607 583 quam
628 501 668 563 de
688 501 755 580 his,
780 499 981 591 iudieaqdum
1010 517 1076 584 est,
1104 507 1177 588 quia

189 601 219 660 in
244 599 422 681 longinquis
444 600 498 660 ille
522 613 554 662 et
574 605 790 667 remotissimis
809 606 894 666 ultra
922 605 1070 688 Caspium
1089 625 1178 668 mare

188 702 388 786 regionibus,
410 701 443 762 hi
462 687 493 762 iri
513 703 549 766 iis
572 721 773 786 erraverunt,
802 726 882 792 quae
912 720 985 769 sunt
1012 709 1177 790 proximae

188 804 304 870 ltaliae.
346 803 432 893 Quid
454 806 576 867 multa?
607 809 658 870 vel
690 811 750 872 soli
769 811 972 893 manuscripti
993 810 1068 872 libri
1088 822 1178 872 votu-

188 919 269 969 state
296 927 352 968 sua
381 927 505 968 omnem
546 909 586 969 do
614 914 714 973 Curtii
742 914 922 998 antiquitate
952 912 1178 975 dubitationem

188 1011 351 1074 disiiciunt.
394 1009 455 1073 Vir
475 1011 579 1092 magni
608 1013 724 1096 ingenii
754 1027 787 1075 et
811 1015 923 1076 harum
943 1035 1052 1076 rerum
1071 1015 1190 1098 impu-1

188 1114 247 1188 mis
264 1113 408 1176 curiosus
437 1111 505 1174 loh.
539 1112 784 1198 christophorus
805 1118 990 1204 Wagenseil
1010 1113 1102 1198 l)per
1129 1116 1179 1178 lit-

189 1229 274 1279 teras
311 1215 447 1280 Cellario
487 1217 645 1300 quondam
678 1218 878 1300 significavit,
919 1219 992 1294 sibi,
1036 1237 1108 1280 eum
1147 1219 1180 1279 in

190 1322 276 1382 ltalia
306 1305 581 1403 peregrineretur,
618 1320 769 1406 obtigisse
800 1326 906 1386 Lucae
933 1319 1108 1399 Holstenii,
1129 1339 1179 1382 ae·

190 1419 378 1486 curatissimi
399 1421 652 1484 membranarum
673 1428 835 1504 censoris,
862 1424 1013 1487 iudicium
1041 1423 1091 1492 de,
1110 1425 1177 1508 qui·

190 1525 325 1588 busdam
353 1522 517 1585 codicibus
549 1545 621 1586 mss.
657 1526 869 1591 bibliothecae
897 1532 1023 1590 Ducum
1048 1527 1191 1608 Magnae.

189 1627 370 1704 Hetturiae,
391 1647 472 1710 quae
493 1629 700 1709 [saurentiana
723 1643 867 1708 vocatur3
894 1629 978 1690 unde
1010 1627 1180 1709 perspicue

191 1729 397 1814 cognoverit,
426 1728 458 1790 in
483 1729 567 1790 illius
600 1732 812 1795 bibliothecae
842 1735 953 1816 pluteo
984 1728 1023 1791 68
1056 1741 1179 1790 exstare

192 1830 354 1913 exemplar
376 1830 487 1910 Curtii,
513 1833 710 1896 admirandae
723 1833 939 1918 antiquitatis,
970 1843 1029 1904 700
1052 1831 1180 1894 circiter

192 1949 362 1998 annorum:
392 1955 474 2017 quae
497 1936 565 1997 sola
589 1958 641 1998 res
668 1939 764 1998 instar
791 1935 927 2027 omnium
948 1953 1057 1996 veram
1078 1935 1182 1996 Curtii

192 2039 407 2122 antiquitatem
428 2038 550 2100 abunde
572 2039 764 2100 demonstrat
790 2039 829 2119 ⁵).
851 2039 901 2098 tn
922 2050 1079 2099 taceamus
1099 2040 1180 2098 Lau-

191 2141 329 2200 rentium
362 2141 501 2219 Vallum,
545 2141 620 2224 ipsis
649 2141 878 2202 renascentium
904 2139 1069 2201 literarum
1098 2121 1180 2201 tem·
1216 2137 1241 2204 ἱ.

192 2240 325 2324 poribus
354 2243 528 2319 Elegantius
556 2264 627 2304 suas
654 2265 693 2304 ex
725 2256 835 2311 nostro
871 2263 999 2330 quoque
1040 2255 1181 2322 auctore,

193 2341 282 2406 velut
301 2345 428 2428 antiquo
445 2359 477 2408 et
490 2347 637 2428 probato,
659 2345 837 2428 saepissime
858 2347 1086 2426 illustrantem,
1108 2348 1182 2410 vide

196 2449 247 2508 vel
267 2448 370 2509 solum
391 2445 466 2508 libri
485 2450 509 2512 1.
533 2469 602 2531 cap.
627 2471 672 2530 ¹7·
695 2451 736 2532 ὅ),

271 2552 321 2621 tte
343 2551 575 2612 Alexandreide
598 2555 760 2614 Gualthort
774 2553 894 2630 Belgica)
918 2553 973 2638 qui
986 2552 1093 2630 seculo
1114 2555 1181 2614 llll.

196 2653 447 2718 Christianorum
467 2652 553 2732 vixit,
577 2674 617 2716 ex
639 2655 730 2716 unius
750 2677 856 2738 saepe,
885 2669 920 2717 ut
941 2655 1077 2734 videtur,
1104 2657 1182 2716 Cur·

201 2789 366 2802 m...—

244 2875 271 2943 4)
291 2876 324 2927 cl.
344 2879 398 2930 eius
416 2882 483 2934 Pera
504 2882 581 2939 librr.
603 2884 722 2936 iuvenili.
740 2881 787 2944 lV,
813 2883 870 2938 178.
915 2877 917 2884 ’

242 2943 278 3012 ’5)
296 2945 447 2998 barnardus
468 2951 502 3001 de
522 2954 694 3002 Montsaucnn
712 2950 796 3017 praef.
816 2949 849 2999 ud
861 2951 997 3019 Palouogr.
1008 2956 1106 3008 Graec.
1123 2957 1181 3006 lau·

198 3011 244 3062 dat
260 3014 309 3063 Ms.
329 3014 397 3066 Cod.
416 3017 588 3070 historiarum
603 3020 684 3069 Curtii
705 3033 835 3068 annorum
852 3023 914 3081 800,
931 3024 975 3088 qui
995 3034 1050 3074 erut
1067 3029 1093 3076 in
1114 3025 1181 3075 Bitu.

197 3078 366 3144 Cotbertina3
385 3085 420 3137 cl.
441 3088 508 3136 Dan.
530 3087 680 3138 Molchelius
694 3089 720 3136 iu
739 3085 864 3135 biblioth.
885 3087 1023 3209 l’aris.s.(q1(i
1043 3095 1085 3150 56.
1104 3093 1181 3142 Iour-

197 3150 242 3198 nal
261 3147 387 3202 Litc'raire
406 3155 437 3202 Τ.
457 3156 526 3216 Xll,
544 3174 569 3222 p.
590 3158 631 3219 95.
650 3156 692 3218 96.
711 3155 750 3204 De
768 3154 852 3204 tribus
870 3155 926 3206 aliis
946 3158 984 3208 Co
1055 3161 1181 3228 antiquis·

106 3245 109 3258 ·
128 3293 133 3300 Ι
198 3219 268 3267 simis
288 3228 378 3269 monet
393 3221 497 3272 Fabrie.
517 3223 584 3273 utut.
603 3225 658 3271 Lat.
678 3223 711 3285 ll,
730 3226 788 3286 345.
807 3222 870 3274 Ern.

250 3285 277 3354 tt)
294 3287 387 3337 Petrus
406 3290 548 3338 BIaesensis
568 3291 737 3350 interlibros
753 3292 779 3339 iu
798 3290 896 3342 scholis
915 3293 1033 3344 celebres
1051 3294 1099 3344 sibi
1120 3309 1182 3362 pro·

199 3355 278 3406 luisse
297 3356 443 3421 praedicat,
462 3356 617 3422 frequenter
637 3358 759 3408 historias
777 3359 811 3425 Q.
824 3360 908 3411 Curtii
929 3361 1087 3428 inspexisse;
1105 3363 1182 3414 acho·

199 3426 236 3473 las
255 3432 341 3474 autem
359 3425 535 3488 frequentavit
554 3443 582 3492 p.
603 3424 666 3479 Chr.
691 3427 762 3479 nbc.
