2660 3864
164 316 198 368 aa
410 351 423 362 .,
472 319 474 328 J
541 305 562 360 1.
580 285 796 360 aasumensi
839 265 841 270 ’

164 453 309 540 polliciti,
329 451 451 534 patriae
472 452 595 514 ruinam
609 452 879 528 acceleraverunt,
901 471 975 516 cnm
996 453 1028 527 ²)
1050 453 1163 517 adver·
1201 531 1204 536 ¹
1231 483 1238 495 ·
1329 486 1330 495 ¹

163 557 216 598 sus
239 532 373 616 triginta,
388 531 543 613 peditum,
566 531 627 592 tria
648 531 791 614 equitum
811 533 924 614 millia,
949 553 1088 616 eumque
1109 553 1162 596 ve-

162 629 309 678 teranum
337 621 369 674 et
392 611 491 674 toties
522 612 679 674 victorem
712 612 912 688 exereitum,
947 613 1063 695 paullo
1088 615 1163 696 plns

162 695 275 770 decem
296 702 491 755 armatorum
518 690 658 751 millibus
688 711 858 774 opponere
878 713 942 756 non
973 705 1080 756 essent
1108 713 1162 756 ve·

162 775 226 836 riti.
265 772 420 834 Ceterum
447 769 647 849 Alexander,
682 771 764 832 urbe
792 783 899 852 capta,
929 772 969 832 ad
996 771 1163 832 consilium

162 853 326 914 sociorum
362 849 493 926 retulit,
553 849 694 912 uomodo
730 871 769 912 ea
797 849 952 912 utendum
984 851 1162 917 videretur.

162 933 264 994 Erant
292 935 326 1004 ²²²)
354 931 438 992 inter
466 949 522 990 eos
578 929 755 1006 hocenses,
776 931 934 1024 multique
956 950 996 992 ex
1019 932 1163 1008 Boeotis,

162 1011 278 1096 quihus
306 1009 538 1092 antiquissimae
568 1028 641 1070 cnm
665 1009 825 1071 Thebanis
855 1009 1036 1072 discordiae
1081 1012 1162 1074 ravi·

54 1133 57 1136 -
161 1091 223 1152 bus
243 1110 339 1170 saepe
360 1088 480 1150 damnis
510 1089 735 1152 constiterant:
769 1109 893 1172 neque,
928 1091 1005 1151 dnm
1032 1031 1163 1152 Thebae

162 1182 294 1245 starent,
314 1180 369 1236 aut
391 1167 471 1232 odiis
492 1167 557 1232 suis
586 1168 801 1246 satisfactum,
829 1181 884 1230 aut
907 1170 1069 1232 securitati
1089 1190 1164 1252 pro-

165 1262 314 1330 spectum
333 1249 498 1310 rebantur.
540 1249 666 1309 Horum
687 1249 859 1310 auctoritas
885 1249 1000 1326 valuit,
1020 1263 1058 1312 ut
1080 1250 1164 1310 muri

162 1341 258 1412 atque
285 1325 430 1390 aedificia
456 1327 677 1406 diruerentur,
704 1349 782 1411 ager
809 1328 941 1392 arbitrio
968 1329 1054 1412 regis
1081 1329 1164 1390 inter

161 1409 303 1480 victores
323 1407 531 1472 divideretur.
566 1409 612 1468 Ita
631 1409 856 1470 nobilissimam
876 1409 1002 1486 urbem,
1022 1429 1087 1469 non
1106 1409 1163 1470 ho·
1225 1467 1229 1472 .

161 1489 280 1549 minum
300 1488 394 1548 modo
417 1487 680 1564 clarissimorum,
709 1509 825 1552 verum
848 1490 942 1550 etiam
965 1488 996 1568 3)
1018 1491 1163 1550 Deorum

160 1568 279 1638 natales
301 1579 497 1628 asserentem
517 1566 594 1642 sibi,
623 1586 641 1627 e
669 1568 773 1628 media
795 1567 826 1640 4)
850 1568 985 1630 Graecia
1011 1589 1074 1629 nna
1095 1568 1163 1629 dies

161 1647 290 1728 eripuit,
307 1659 479 1786 Hostquam
506 1645 704 1726 octingentos
736 1647 808 1708 fere
832 1669 929 1710 annos
955 1659 1032 1729 post
1052 1668 1164 1711 oracu-

114 1723 227 1833 Xlum
254 1727 284 1798 5)
331 1746 348 1786 e
371 1725 476 1790 corsis
491 1725 622 1788 eosdem
634 1725 754 1801 incolas
775 1725 949 1790 habuisset.
974 1727 1059 1788 Olim
1081 1728 1165 1788 enim

160 1805 261 1888 pulsis
292 1827 309 1866 a
341 1817 437 1886 gente
470 1805 629 1866 Thracum
656 1817 751 1889 atque
786 1808 996 1888 Pelasgorum
1030 1807 1164 1867 Boeotis

162 1885 245 1946 edita
269 1905 339 1945 sors
361 1883 485 1959 fuerat,
516 1896 589 1964 post
619 1897 773 1965 quartam
787 1885 914 1944 demum
944 1895 1081 1946 aetatem
1109 1906 1164 1964 pa-

160 1965 238 2022 trias
260 1963 352 2025 sedes
378 1963 560 2042 recepturi,
591 1963 794 2022 considerent
819 1962 961 2036 interim,
990 1981 1056 2042 quo
1089 1963 1164 2022 loeo

161 2060 278 2106 corvos
311 2041 401 2104 albos
436 2039 609 2119 conspicati
637 2039 755 2102 forent.
810 2041 858 2100 Ita
884 2057 957 2098 cum
984 2040 1025 2098 ad
1052 2041 1164 2100 arnan

161 2119 343 2180 Thessaliae
363 2141 405 2200 op
430 2118 517 2178 idum
534 2117 711 2194 venissent,
733 2117 839 2178 corvis
860 2119 1060 2198 conspectis,
1082 2141 1164 2202 quos

130 2199 256 2280 spueri
277 2220 377 2336 gyEso
402 2141 587 2272 illeveraut,
618 2197 662 2256 ibi
682 2197 913 2262 substiterunt·
949 2198 1066 2258 Diruta
1089 2199 1165 2261 urbs

161 2290 210 2339 est
233 2278 273 2340 ad
293 2279 318 2338 ti
341 2279 391 2339 iae
412 2287 537 2338 cantum
561 2273 603 2352 ⁶),
625 2297 689 2360 quo
717 2277 815 2339 modo
840 2278 1072 2357 sexagesimum
1093 2291 1165 2339 ante

161 2378 275 2418 annum
297 2357 441 2420 Athenas·
455 2355 619 2436 Lysander
645 2354 676 2436 7,)1
697 2356 872 2422 deleverat.
895 2357 1038 2440 Templis
1061 2371 1166 2420 tamen

161 2438 294 2520 aliisque
335 2439 433 2499 sacris
471 2434 623 2499 aediliciis
659 2437 810 2499 denseri
843 2436 934 2498 iussit
971 2438 1165 2515 Alexander,

161 2517 323 2590 etiamne
358 2518 446 2604 quod
471 2537 532 2600 per
553 2513 759 2592 incuriaml)
788 2517 936 2580 damam
956 2515 993 2580 iis
1021 2517 1164 2594 daretur,

173 2801 201 2816 ·-
227 2779 256 2847 2)
275 2779 387 2832 Diodor.
406 2787 442 2845 17,
460 2793 486 2845 9.
505 2780 600 2831 Iulian.
617 2785 645 2832 in
665 2779 775 2836 Caesar.
795 2781 899 2830 Arrian.
924 2797 943 2843 ι,
964 2782 990 2845 3,
1009 2781 1053 2832 26,

176 2895 201 2910 ,,
226 2847 252 2914 *)
271 2850 364 2898 lustin.
383 2865 423 2901 ιι.
443 2849 467 2906 3,
486 2848 511 2898 8.
531 2849 645 2901 Diodor.
663 2865 700 2916 17,
722 2847 771 2914 14⁴³
780 2847 918 2902 Plutarch.
935 2863 960 2898 c.
979 2863 1022 2902 ao.

230 2917 245 2966 a
276 2917 368 2966 1uscn.
389 2923 430 2981 11,
450 2911 475 2980 t,
495 2918 520 2970 a.

229 2981 245 3048 4
277 2983 400 3035 Aeschin.
427 2984 485 3033 adv.
504 2983 625 3050 Ctesiph.
649 2982 671 3052 §.
700 2986 758 3040 133.
781 2983 907 3034 Dinarch.
936 2983 994 3033 adr.
1022 2983 1163 3036 Demosth.

161 3069 191 3120 p.
212 3053 268 3109 153.
290 3051 334 3113 ed,
351 3053 434 3102 Bekk.
455 3050 665 3118 Agatharchides
685 3053 756 3120 apud
775 3051 910 3102 Photium.

228 3117 257 3186 5)
276 3117 393 3196 Diodor.¹
421 3127 468 3181 19,
497 3120 538 3173 51.
574 3115 708 3194 Ὀλυμη,
730 3111 919 3198 misael·
949 3117 1045 3170 Strabo
1064 3119 1115 3175 lib.
1138 3131 1164 3182 9.

163 3186 364 3240 Coeliustecc.
374 3186 474 3252 Antqq.
484 3202 523 3252 17,
536 3200 575 3239 u.

227 3253 256 3322 6)
276 3257 386 3304 Taetaes
405 3253 475 3304 Chll.
499 3270 524 3320 7,
544 3257 601 3319 139.
623 3287 625 3294 -
669 3273 672 3280 ’

230 3323 260 3458 dl
279 3320 589 3458 ddldldclxhyddhdd'
605 3323 654 3439 dd
725 3413 726 3416 =

531 3426 537 3440 .
574 3425 582 3453 ,
637 3423 644 3438 .
