2636 3860
153 367 173 438 4
597 365 617 416 1.
636 365 855 418 rnelnsnnuu

154 535 226 575 rum
261 513 353 574 etiam
380 511 596 594 praefuerint,
630 511 793 574 verissima
826 531 904 594 prae
933 510 1000 573 aliis
1027 513 1157 576 tradere

154 594 296 677 potuisse
318 593 428 676 liquet.
461 591 603 688 „Quoties
624 592 720 676 igitur
744 593 955 669 consentiunt,
976 593 1092 654 ceteris
1107 618 1159 656 en·
1215 614 1217 616 ·
1312 606 1315 623 “

154 673 371 735 tehabuimus:
399 673 456 734 uhi
478 696 510 734 m
531 673 693 735 diversum
718 673 853 748 abeunt,
874 693 914 732 ex
935 672 1026 754 copia
1048 695 1158 736 rerum

155 777 192 818 ea
218 753 416 836 potissimum
445 754 659 830 secrevimus,
697 774 779 836 quae
814 751 986 834 diligenter
1011 752 1096 814 inter
1122 775 1157 817 se
1232 769 1234 779 “

155 834 331 916 composita
354 835 499 916 proxime
520 834 689 894 adrerum
711 846 872 916 gestarum
893 830 989 892 iidem
1011 833 1158 895 videban-

155 927 208 975 tur
243 914 408 977 accedere.
457 912 553 1006 Quod
591 914 686 974 etiam
720 925 794 996 post
823 924 959 973 aetatem
986 913 1159 974 Alexandri

155 995 233 1058 alios
250 996 449 1055 Graecorum
473 993 870 1078 secutos-aaaosqnihus
892 992 995 1076 aliqua
1014 993 1082 1074 veri
1105 1014 1158 1055 cu-

155 1097 191 1136 ra
211 1075 289 1149 fuit3
325 1085 359 1135 et
379 1093 483 1155 nuper
507 1093 547 1134 ex
569 1073 675 1134 Sicilia
693 1073 890 1133 Diodorum.
929 1077 1009 1134 Nam
1037 1073 1091 1156 qui
1119 1095 1159 1136 ex

153 1154 303 1216 Romanis
316 1155 453 1215 animum
474 1153 514 1214 ad
535 1153 697 1216 historiam
712 1155 953 1236 applicuerunt,
982 1151 1024 1232 ii,
1045 1155 1157 1246 patriis

155 1237 252 1298 rebus
274 1235 424 1311 contenti,
445 1241 576 1295 externa
589 1234 751 1314 neglectui
767 1227 917 1294 habuere:
938 1233 1014 1316 quia
1027 1234 1159 1296 victoris
1177 1254 1180 1262 ’

119 1383 121 1387 ,
155 1315 267 1398 populi
304 1326 395 1396 gesta
432 1313 695 1396 componentibus
733 1334 839 1398 neque
874 1313 1017 1374 maiestas
1051 1335 1159 1376 rerum

156 1400 283 1471 deerat,
314 1407 345 1454 ct
367 1396 439 1476 plus
466 1396 609 1456 utilitatis
630 1396 760 1456 allatura
783 1393 970 1454 videbantur
990 1393 1021 1453 in
1045 1394 1167 1472 eadem¹

157 1476 324 1558 republica
346 1475 544 1556 degentibus.
586 1475 734 1552 Quorum
762 1475 900 1544 studium
920 1487 957 1534 ut
977 1474 1070 1535 laudo
1092 1473 1160 1556 dig·
1209 1480 1211 1486 ’

155 1558 315 1617 nissimum
337 1556 490 1629 arbitror,
508 1557 552 1616 sic
579 1565 668 1616 extra
690 1554 972 1634 reprehensionem
993 1555 1065 1615 fore
1086 1575 1160 1615 con·

156 1637 232 1712 fido,
258 1637 283 1695 si
305 1637 421 1696 nostris
443 1637 536 1696 etiam
551 1633 732 1698 hominibus
756 1634 922 1696 ostendam
944 1656 1017 1696 eum
1038 1649 1161 1719 regem,

158 1718 226 1801 qui·
241 1737 321 1776 unus
354 1717 493 1776 omnium
515 1717 715 1790 mortalium,
741 1716 823 1775 intra
846 1715 1067 1779 brevissimum
1092 1717 1162 1778 aevi

158 1798 303 1879 spatium,
324 1795 496 1876 plurimum
519 1809 678 1857 terrarum
702 1797 889 1875 occupavit:
911 1817 977 1879 quo
999 1809 1161 1879 appareat,

157 1899 226 1938 non·
236 1878 323 1936 l'orte
339 1872 444 1957 neque
459 1889 583 1937 temere
598 1893 651 1937 res
665 1867 814 1936 humanas
829 1875 926 1960 l'erri3
948 1876 1006 1936 sed
1019 1879 1160 1962 plerum-

159 1973 221 2042 que
242 1957 403 2018 fortunam
422 1967 484 2036 pro·
501 1958 653 2032 moribus3
678 1955 783 2038 neque
804 1952 984 2016 diuturnam
1003 1953 1160 2016 esse'feli·

159 2039 302 2112 citatem,
324 2056 407 2128 qnae
431 2037 553 2097 virtute
576 2037 776 2104 destituatur.
818 2033 918 2120 lgitur
944 2035 1159 2097 Alexandrum

160 2117 304 2179 omnibus
334 2117 451 2198 ingenii
483 2117 696 2200 fortunaeque
728 2115 855 2178 dotibus
882 2115 1008 2178 abunde
1035 2128 1161 2177 auctum

160 2209 370 2278 ornatumque
392 2195 489 2258 l'uissc
504 2198 679 2280 comperio,
701 2197 814 2280 quibus
828 2197 957 2259 fatalem
977 2205 1082 2276 tantae
1102 2217 1160 2278 po-

159 2279 276 2340 tentiae
302 2272 405 2336 virum
427 2277 599 2358 oportebat
617 2277 741 2343 instrui.
782 2277 891 2340 Genus
915 2277 945 2351 ³)
966 2278 1005 2338 ab
1019 2278 1161 2339 Hercule

160 2357 350 2439 repetebant
382 2357 592 2420 Macedonum
628 2377 738 2442 reges:
780 2357 958 2440 Olympias,
990 2357 1162 2418 Alexandri

159 2450 272 2508 mater,
292 2437 376 2498 initia
397 2458 473 2499 suae
496 2440 605 2521 gentio¹
625 2440 664 2500 ad
684 2437 841 2500 Achillem
866 2438 1039 2504 rel'erehat.
1079 2437 1163 2497 Pue-

160 2541 199 2582 ro
230 2530 335 2601 neque
363 2517 563 2580 incitamenta
591 2520 801 2602 exemplaque
821 2520 942 2602 gloriae
973 2539 1078 2604 neque
1100 2518 1164 2578 vir-

161 2600 238 2668 tutis
258 2599 410 2679 magister
431 2613 485 2660 aut
506 2600 691 2661 exercitatio
712 2599 854 2660 deerants
895 2599 1163 2684 Quippc‘Philip-

162 2689 221 2761 pus
241 2691 333 2760 pater
358 2679 514 2740 continuis
534 2679 628 2741 bellis
649 2690 840 2740 contemtum
861 2692 934 2740 ante
954 2681 1163 2741 Macedonum
1212 2695 1219 2706 ·
1317 2700 1318 2707 ¹

162 2772 290 2843 gentem
311 2758 425 2818 extulit
446 2771 489 2836 et,
509 2772 618 2822 coacta
637 2759 670 2818 in
693 2758 838 2820 ordinem
862 2760 1026 2837 Graecia,
1042 2759 1164 2822 cunctis

162 2837 398 2902 formidabilem
427 2838 515 2906 fecit.
556 2839 705 2921 Denique
723 2859 786 2898 non
807 2841 912 2902 solum
937 2861 1071 2921 operum
1090 2849 1164 2919 post

163 2941 199 2984 se
229 2932 393 3005 gestorum
424 2918 628 3005 fundamenta
655 2919 763 3000 posuit
770 2940 779 2998 3
819 2937 932 2984 verum
966 2919 1061 2981 etiam
1091 2937 1162 2978 cum

164 3001 357 3075 decederet,
377 3001 510 3061 Persico
532 2999 619 3060 hello
640 2999 797 3077 intentus,
825 3000 971 3063 delectus
991 2999 1163 3069 habuerat,

165 3091 377 3155 commeatus,
405 3079 587 3162 pecuniam,
621 3078 796 3140 exercitum
819 3093 987 3163 paraverat
994 3100 1004 3156 3
1035 3090 1068 3138 et
1087 3078 1163 3135 Par-

164 3160 318 3224 menionis
335 3179 434 3240 opera
451 3160 513 3221 iam
527 3160 634 3222 Asiam
654 3174 834 3242 aperuerat.
875 3161 941 3224 Sed
951 3161 983 3221 io
1000 3177 1039 3220 eo
1053 3175 1162 3218 rerum

172 3323 352 3344 anuh-¹³⁹*-
434 3341 435 3345 ,

218 3421 261 3491 ·3)
282 3416 395 3478 Diome
418 3381 501 3488 sieut
522 3433 563 3484 17,
583 3435 605 3469 ι.
622 3419 717 3484 Vellej.
736 3418 840 3471 Patere.
862 3434 885 3483 1,
902 3417 930 3484 6,
939 3417 965 3470 6.
979 3419 1060 3472 Oros.
1076 3423 1104 3484 3,
1125 3433 1163 3470 ra.

167 3491 275 3543 Arriae.
295 3503 321 3552 2,
344 3481 564 3568 1,34.²Pausan.
585 3487 634 3538 lib.
651 3487 671 3536 1.
691 3487 783 3537 Iulian.
803 3487 909 3540 Caesar.
