2636 3860
187 335 220 390 25
556 326 577 378 1.
598 319 816 377 raulnsnssutl

188 479 268 574 Quis
289 477 372 539 enim
392 475 491 553 illum,
511 488 595 548 tanta
614 474 766 556 potentia,
785 471 941 556 tantisque
962 471 1061 534 rebus
1075 473 1184 556 gestis,

188 557 307 620 civitati
330 557 414 618 fama
435 557 529 640 quain
550 557 670 618 viribus
691 551 838 617 validiori
861 575 925 614 non
944 573 1022 635 prae
1046 551 1183 615 oneret?

186 643 277 700 Nunc
307 649 430 713 autem,
459 658 531 699 cum
559 638 634 714 illo,
669 634 726 720 qui
750 633 934 698 victricibus
962 574 1062 714 eoplis
1094 634 1184 696 velut

136 749 172 814 s
187 719 380 787 vestibulum
399 718 487 779 urhis
515 731 642 780 vestrae
665 714 813 790 (obtinet,
841 715 937 776 socio
956 727 1051 796 atque
1065 713 1182 782 ,amico

185 791 336 874 utamini}
377 799 416 860 ab
460 797 705 860 Atheniensibus
738 795 844 860 multis
879 795 1043 856 veteribus
1085 805 1182 878 atque

184 880 275 942 novis
295 879 415 940 iniuriis
436 878 546 940 affecti
565 879 647 940 sitis:
683 877 799 939 horum
819 875 1005 952 amicitiam,
1032 873 1182 957 neglecto

186 981 275 1041 rege,
296 959 388 1020 vobis
408 959 555 1032 suadere,
572 959 722 1040 profecto
736 955 927 1038 contumelia
946 968 1007 1034 est,
1027 953 1183 1016 Thebani.

185 1039 251 1100 Sed
288 1037 316 1118 ¹)
347 1039 561 1121 superbissimi
598 1039 778 1100 mortalium
817 1036 878 1097 sibi
910 1031 998 1098 solis¹
1021 1035 1183 1118 ingenium

150 1147 168 1194 f
185 1119 414 1202 consiliumque
435 1139 606 1198 superesse
628 1129 804 1191 autumant3
834 1116 998 1211 religuos,
1033 1127 1068 1176 et
1085 1114 1183 1196 inpri-

146 1195 150 1206 '
184 1201 243 1260 mis
263 1203 416 1272 Boeotos,
432 1199 537 1280 (vobis
559 1200 643 1260 enim
658 1219 736 1282 prae
764 1197 879 1258 ceteris
906 1195 1069 1275 msultaut)
1095 1195 1183 1277 inep-

185 1292 248 1352 tos,
270 1291 302 1341 et
322 1280 419 1340 rudes
441 1300 526 1352 esse,
553 1300 613 1342 nec
640 1299 721 1364 quae
747 1277 836 1338 utilia
864 1276 1062 1361 honestaque
1094 1274 1184 1336 factu

124 1388 159 1476 s
184 1363 257 1437 sint,
276 1359 472 1456 dignoscere.
517 1363 645 1446 ltaque,
682 1380 747 1443 quo
773 1358 851 1419 nihil
872 1370 921 1418 est
940 1357 1129 1432 dementius,
1150 1356 1184 1416 id

185 1463 220 1502 se
246 1441 338 1504 vobis
365 1461 574 1522 persuasuros
601 1452 731 1523 putant,
767 1451 803 1501 ut
833 1459 873 1500 ex
903 1439 1047 1520 ipsorum
1074 1437 1181 1519 potius

185 1521 333 1597 arbitrio,
366 1542 461 1604 quam
488 1523 623 1582 utilitate
650 1532 775 1592 restra,
803 1519 910 1581 hostes
939 1529 1035 1600 atque
1065 1517 1183 1578 amicos

183 1600 343 1677 habeatis3
364 1601 472 1662 verbis
494 1600 621 1676 conlisi,
648 1601 680 1662 in
703 1600 818 1685 quihus
846 1599 947 1661 omnis
968 1599 1113 1678 ipsorum
1135 1597 1181 1658 vis

185 1693 243 1744 est.
286 1681 350 1742 Sed
371 1680 469 1742 verba
489 1702 581 1742 nemo
604 1702 695 1742 sanus
717 1693 789 1756 ante
805 1679 889 1740 facta
903 1678 1022 1755 habuit,
1036 1697 1184 1759 praeser-

183 1761 240 1822 tim
259 1761 290 1820 in
311 1761 416 1838 hello;
438 1761 493 1822 ubi
512 1781 565 1822 res
579 1783 672 1822 manu
691 1763 822 1856 geritur,
843 1761 968 1841 linguae
982 1759 1182 1840 promtitudo

130 1854 419 1932 scupervacanea
440 1853 497 1905 est.
543 1842 586 1902 Ut
599 1843 659 1902 sibi
676 1843 786 1904 diserti
806 1839 993 1902 videantur:
1023 1839 1123 1900 virtus
1147 1848 1181 1898 et

183 1921 313 1982 fortuna
330 1919 485 2002 Philippi,
507 1922 600 1981 tantis
621 1922 685 1983 suis
713 1923 938 2013 sociorumque
962 1919 1084 1980 viribus
1107 1916 1182 1978 sub·

183 2002 264 2075 nixa,
283 2000 355 2080 plus
377 2001 509 2082 poterit.
543 2002 610 2061 Nec
638 2001 721 2062 enim
744 2001 837 2062 facile
859 1999 1011 2076 dixerim,
1033 1997 1182 2061 stolidior

127 2057 162 2140 s,-
184 2103 222 2140 an
243 2080 458 2161 impudentior
488 2081 528 2140 sit
558 2100 671 2141 eorum
697 2081 877 2162 postulatio.
927 2081 1117 2140 Intentaturu
1149 2074 1179 2156 ²)

129 2161 139 2188 '³
184 2161 308 2220 Atticae
334 2160 455 2220 fulmen
475 2160 630 2242 excipite,
658 2161 820 2222 Thebani:
847 2161 936 2222 socio
959 2171 1055 2242 atque
1078 2159 1181 2219 amico

183 2240 255 2323 regi
273 2239 394 2302 hellam
414 2260 487 2300 cum
507 2241 604 2302 exitio
625 2255 733 2303 vestro
755 2241 870 2318 facite,
901 2253 939 2302 ut
967 2261 1025 2302 nos
1053 2240 1085 2300 in
1109 2251 1180 2300 tuto

184 2320 299 2381 simus:
321 2332 444 2382 vestros
466 2341 571 2402 agros,
593 2334 699 2382 vestra
720 2343 777 2384 cor
802 2344 858 2384 ora
879 2321 1019 2395 obiicite,
1039 2341 1079 2382 ne
1100 2319 1181 2380 iniu-

182 2401 302 2464 riarum
325 2422 454 2462 suarum
484 2400 651 2462 vindictam
678 2401 716 2463 ab
742 2404 787 2464 'At
812 2401 992 2464 eniensihus
1013 2400 1180 2494 Philippus

183 2482 298 2564 exigat.
320 2483 480 2566 Haeccine
504 2493 576 2544 suut
594 2484 754 2566 postulata
776 2483 949 2556 hominum,
970 2481 1026 2566 qui
1047 2494 1101 2543 aut
1123 2479 1183 2562 ipsi

184 2581 258 2621 sano
280 2561 397 2623 iudicio
412 2573 551 2639 utantur,
572 2575 626 2624 aut
643 2565 720 2626 alios
740 2565 787 2626 uti
801 2561 958 2626 credant?
995 2561 1061 2649 Qui
1084 2564 1182 2624 modo

183 2642 300 2702 nullam
320 2643 486 2722 premendi
507 2663 563 2706 vos
585 2646 786 2706 occasionem
799 2642 1088 2726 praetermiserunt
1095 2662 1104 2719 3
1127 2641 1182 2726 qui

183 2741 242 2784 vos
272 2723 485 2798 contumeliis,
515 2723 652 2800 iniuriis,
677 2725 788 2801 armis,
817 2735 969 2809 quantum
1019 2734 1181 2796 otuerunt,

89 2810 90 2814 ’
184 2801 365 2883 persecuti,
404 2813 525 2863 vestras
555 2805 666 2878 clades
688 2819 785 2888 atque
820 2804 963 2887 pericula
995 2743 1181 2864 laticitatem

184 2903 272 2943 suam
290 2881 349 2948 rati
369 2894 457 2944 sunt:
478 2882 500 2942 ii
520 2905 636 2945 nunca
659 2885 746 2946 vobis
767 2897 880 2966 petere
903 2883 1030 2958 audent,
1051 2895 1087 2943 ut
1107 2900 1182 2940 cum

184 2961 260 3043 ipsis
280 2961 488 3046 mulitisquam
509 2984 582 3025 cum
607 2963 756 3046 Philippo
777 2966 916 3028 vincere.
958 2965 1000 3024 At
1025 2959 1182 3021 iste'hos·

49 3071 75 3090 κ’
104 3051 110 3057 ‘
183 3062 241 3125 pes
261 3052 294 3103 et
314 3042 456 3106 alumnus
479 3055 605 3120 vester,
626 3044 778 3107 educatus
808 3046 840 3106 in
866 3041 1074 3108 contubernio
1096 3041 1180 3119 Epa·

221 3365 223 3372 ·
253 3372 263 3406 t
297 3353 390 3408 non.
408 3351 434 3415 s,
451 3352 478 3414 s,
495 3351 520 3404 ⁵.
543 3351 680 3408 sumu.
698 3324 787 3410 aisis.
807 3375 831 3413 ο.
854 3359 880 3413 r.

252 3428 269 3481 2
298 3423 354 3472 Liv.
371 3426 473 3486 disto,
497 3435 519 3470 t.
589 3419 594 3430 '
