2636 3860
433 313 808 384 'restrictissime
1041 304 1130 372 iiixl

129 467 182 520 est
202 456 345 534 occisus,
366 469 472 532 terrae
492 458 713 545 incubantem,
736 460 896 542 allusisse,
919 459 954 524 id
977 462 1067 546 quod
1087 483 1128 526 ne

129 564 249 641 ,potitae
263 561 393 643 quidem
408 565 582 643 omiserint,
596 565 749 647 Virgilius
768 565 909 648 Georgg.
922 567 948 638 1,
959 562 1030 638 466.
1044 585 1129 648 sqq,

130 663 277 725 Tibullus
307 665 401 751 Eleg.
427 669 474 746 11,
489 669 536 746 -5,
558 670 617 749 75,
651 668 795 734 Ovidius
816 666 1027 748 Metamorph.
1058 665 1130 745 XV,

128 767 206 846 7853
230 789 421 851 quamquam
444 771 562 834 nollem
581 770 714 833 doctum
739 769 900 833 homiuem
924 768 1015 832 nimis
1042 781 1129 832 tena-

128 866 212 928 citer
231 867 279 928 illi
300 869 356 930 rei.
377 870 566 957 inhaesisse,
595 883 632 936 ut
659 871 782 954 singula
809 869 957 957 <quaeque
990 869 1032 934 ad
1059 887 1129 934 eam

127 960 286 1032 rationem
318 973 473 1056 exigeret.
516 975 620 1038 Unum
652 973 733 1036 illud
755 974 859 1036 minus
885 973 925 1034 iu-
945 975 1126 1056 Augustum

43 1119 49 1124 .
126 1073 295 1150 convenit,
316 1075 404 1156 quod
425 1087 538 1137 auctor
559 1083 784 1158 tempestatem
807 1076 1041 1139 renascentium
1061 1074 1129 1136 bel·

125 1175 236 1238 lorum
260 1175 411 1258 principis
427 1187 507 1239 ortu
526 1177 632 1238 subito
653 1181 874 1262 conquievisse
898 1179 1006 1256 tradit,
1030 1197 1129 1262 quan·

126 1279 303 1362 doquidem
336 1276 429 1340 ferax
456 1277 620 1340 bellorum
644 1263 798 1344 civilium
817 1294 944 1364 tempus
981 1293 1128 1345 secutum

124 1392 192 1459 est,
212 1381 400 1465 priusquam
432 1378 518 1440 fessa
545 1381 649 1442 omnia
675 1382 839 1466 Augustus
865 1384 1016 1466 principis
1044 1403 1126 1444 nova

124 1481 320 1544 auctoritate
354 1492 388 1544 et
423 1482 549 1546 nomine
585 1483 865 1564 complecteretur.
907 1484 1031 1549 Verum
1062 1483 1126 1546 hoc

74 1629 78 1634 -
123 1585 232 1666 ipsum
253 1581 426 1645 adulatoris
447 1603 517 1656 esse
538 1584 622 1663 dico,
642 1585 733 1650 cuius
748 1586 916 1667 proprium
937 1598 986 1648 est
1006 1586 1127 1668 ingrate

47 1755 50 1760 ‚
124 1701 257 1768 tegere,
283 1685 323 1746 ed
344 1683 492 1748 feliciora
511 1705 709 1766 properare,
735 1687 927 1754 contrahere
955 1687 1074 1768 tristia,
1094 1688 1127 1752 in

122 1785 312 1863 laetioribus
337 1787 531 1855 immorari.“
822 1835 825 1840 .

126 1925 130 1934 ι
209 1893 340 1974 „Itaque
360 1912 424 1968 non
445 1891 552 1971 video,
573 1892 649 1976 quid
661 1890 822 1974 impediat,
838 1911 902 1973 quo
923 1889 1036 1968 minus,
1048 1890 1130 1956 ¹sicut

125 1993 229 2054 multi'
244 2005 316 2056 aute
340 2013 398 2058 uos
420 2007 665 2058 censuerunt‘et
685 2013 788 2076 nuper
814 1995 905 2058 Frid.
927 1993 1012 2076 Aug.
1032 1995 1129 2060 Wol-

122 2095 189 2158 ,fias
210 2093 242 2156 iu
261 2095 344 2158 netis
366 2096 407 2158 ad
433 2096 621 2160 Suetonium
650 2109 684 2160 et
709 2096 740 2158 in
769 2097 968 2180 praefatione
983 2131 985 2138 ⁴
999 2096 1039 2158 ad
1061 2095 1126 2162 Cic.
1172 2125 1174 2137 ·

124 2195 341 2264 Mareellinam
357 2217 432 2280 pag.
446 2201 589 2278 xxxltt
611 2212 644 2262 et
663 2201 749 2266 tdem
769 2201 809 2262 A.
829 2199 962 2276 Hirtius,
987 2196 1029 2290 Q.
1046 2197 1126 2260 Cur

123 2299 205 2362 tium
233 2296 355 2362 Rufum
382 2297 534 2362 historiae
565 2314 728 2364 auctorem
756 2301 892 2366 eundem
915 2319 987 2363 esse
1013 2311 1127 2362 statua

124 2423 195 2464 mus
217 2415 313 2484 atque
331 2399 520 2479 rhetorem,
547 2403 648 2466 euius.
664 2403 729 2464 vita
749 2425 767 2462 a
782 2401 941 2466 ,Suetonio
965 2397 1128 2478 descripta

124 2501 363 2581 cumpluribus
386 2502 454 2562 aliis
474 2501 648 2576 intercidit,
669 2501 726 2560 sed
749 2521 865 2562 nomen
885 2501 917 2560 in
937 2497 1042 2560 indice
1063 2497 1126 2560 ela-

125 2621 238 2663 rorum
262 2601 466 2685 eloquentiae
484 2600 718 2682 professorum,
739 2601 823 2662 inter
837 2601 880 2662 M.
896 2599 1048 2668 Porcium
1067 2601 1127 2663 La·

123 2715 254 2777 taonem
292 2715 326 2764 et
358 2707 398 2770 1..
431 2703 595 2784 Valerium
628 2703 811 2764 Primauum
839 2701 969 2786 legitur.
1010 2704 1125 2785 Neque

123 2805 209 2868 enirn
230 2805 269 2866 eh
292 2825 330 2868 ea
350 2805 553 2890 professione
580 2818 613 2868 et
644 2817 747 2870 aetate
768 2805 931 2883 dissentit,
958 2804 1048 2865 cuius
1069 2805 1126 2863 im·

123 2906 234 2987 primis
258 2905 352 2968 velim
374 2910 531 2973 rationem
552 2905 681 2983 haberi,
710 2905 989 2989 Latinisermonis
1009 2905 1041 2962 in
1062 2903 1125 2968 hoc

123 3029 226 3090 opere
248 3009 397 3072 conditio.
438 3013 517 3078 Nam'
545 3013 728 3074 orationum,
753 3008 992 3070 scribendarum
1018 3005 1126 3086 impri-

122 3111 183 3178 mis
206 3112 385 3178 studiosum
405 3112 504 3183 fuisse
527 3123 693 3172 auctorem
713 3109 809 3180 facile
830 3109 996 3190 intelligas,
1017 3126 1127 3168 earum

121 3227 232 3286 ¹'eutem
258 3226 342 3276 tanta
364 3215 411 3276 vis
432 3227 501 3298 ests,
521 3225 604 3274 tanta
626 3212 782 3290 efficacia,
803 3213 854 3274 rix
876 3224 912 3272 ut
933 3197 967 3270 in
985 3209 1048 3285 hoc
1072 3228 1127 3288 ge-

111 3337 199 3386 -uere
229 3318 401 3402 quicquam
427 3315 640 3396 praestantius
659 3313 807 3390 ,inveniri
834 3333 928 3395 posse
952 3331 1020 3372 -non
1051 3309 1128 3406 mihi
