2660 3864
404 347 520 397 surra.
539 337 575 398 'm
594 346 629 411 o.
647 345 807 400 cunarum
825 347 855 400 n.
873 347 894 396 1.
1106 355 1139 408 ιιι

133 489 194 554 sint
214 492 292 568 ausi,
316 502 349 552 et
371 509 430 572 per
450 509 643 630 praeconem
655 491 864 570 pronuntiare
880 487 923 572 8),
943 493 969 554 si
990 494 1047 578 qui
1068 514 1140 556 cum

131 592 246 654 magno
267 591 346 654 rege
368 581 402 630 et
425 574 452 629 T
477 570 584 630 ebanis
605 569 804 632 Graecorum
824 571 1005 634 libertatem
1028 575 1140 636 adver·

132 672 185 714 sus
206 665 370 731 tyrannum
388 669 533 710 asserere
553 649 684 726 vellent,
706 669 762 711 eos
785 651 868 730 apud
883 653 1010 713 Thebas
1029 655 1141 736 perlu-

132 733 218 815 gium
246 730 420 792 habituros.
463 732 531 790 Nec
550 740 654 789 tamen
669 731 842 790 Alexandri
863 731 998 812 imperio
1020 755 1142 830 oppug-

22 817 28 830 ‘
132 823 203 871 nata
225 811 304 870 urbs
329 823 386 886 est3
409 809 481 884 sed,
502 821 539 868 ut
559 809 762 870 Ptolemaeus
785 809 935 888 tradidit,
964 813 1051 893 (nam
1073 836 1141 896 qm-

133 891 204 951 dam
232 890 324 950 aliter
352 889 495 968 narrant)
525 889 715 964 Perdiccas,
754 889 809 973 qui
836 890 867 950 in
899 911 936 951 ea
964 905 1141 954 castrorum

131 981 223 1052 parte
244 969 391 1046 curabat,
424 989 507 1052 quae
531 969 614 1028 vallo
635 969 790 1046 hostium,
818 991 883 1053 quo
908 971 1077 1032 Cadmeam
1097 974 1142 1033 in·
1171 1005 1172 1008 ¹

132 1047 460 1125 cluserant,'obve1·sa
485 1060 563 1124 erat,
584 1069 647 1109 non
668 1061 852 1130 exspectato
874 1049 973 1133 signo
987 1052 1143 1134 impetum

131 1131 169 1190 in'
185 1149 240 1190 eos
256 1128 344 1190 l'ecit:
368 1128 585 1212 superatoque
605 1129 799 1192 munimento
820 1151 930 1190 manus
957 1131 1143 1194 eum'hoste

132 1228 305 1270 conserere
327 1211 451 1290 coepit,
480 1221 512 1268 et
533 1212 716 1288 Amyntam,
742 1210 804 1291 qui
830 1230 903 1269 cum
931 1231 988 1271 sua
1009 1210 1143 1273 cohorte

132 1291 216 1350 iuxta
239 1289 342 1370 ipsum
367 1287 536 1363 tendebat,
569 1299 604 1347 ut
624 1287 709 1346 idem
735 1289 878 1365 auderet,
902 1291 1050 1371 exemplo
1071 1312 1144 1372 per·

132 1367 245 1428 movit.
285 1369 360 1433 Mox
381 1367 579 1441 Alexander,
607 1365 671 1426 suis
691 1365 824 1443 timens,
855 1387 927 1426 cum
947 1377 1015 1429 tota
1037 1371 1144 1450 copia·

132 1469 203 1509 rum
227 1447 313 1508 mole
335 1445 460 1521 adlisit,
478 1459 510 1508 et
529 1445 655 1526 leviter
668 1446 794 1504 armatis
821 1451 1036 1528 perrumpere
1066 1450 1144 1510 suis·

134 1546 197 1609 qne
220 1525 335 1586 auxilio
357 1523 405 1582 ire
426 1525 529 1602 iussis,
550 1526 618 1612 ipse
640 1544 711 1585 cum
728 1526 860 1608 reliquis
882 1547 942 1608 pro
966 1527 1049 1588 vallo
1071 1527 1144 1588 sub·

135 1605 225 1669 stitit.
267 1603 344 1664 Acri
369 1618 517 1669 conserto
541 1603 686 1685 proelio,¹
705 1605 891 1680 Perdiccas,
915 1606 990 1666 dum
1012 1606 1144 1668 interius

134 1685 253 1748 vallum
280 1682 428 1760 molitur,
457 1687 598 1768 graviter
624 1683 748 1744 saucius
781 1705 886 1766 pugna
919 1685 1072 1763 ell’ertur3
1111 1697 1145 1747 et

136 1763 338 1824 Cretensium
370 1765 603 1846 sagittariorum
630 1763 739 1838 multi,
767 1785 840 1824 cum
866 1765 1031 1844 Eurybota
1060 1765 1144 1826 duce

135 1865 194 1905 suo
220 1841 345 1906 cadunt.
389 1845 533 1906 Thebani
556 1843 712 1926 perculsis
733 1844 863 1920 instant,
897 1856 930 1904 et
950 1844 990 1903 ad
1010 1843 1144 1905 Alexan-

135 1925 230 1985 drum·
256 1921 329 1982 refu
353 1924 455 1986 ientes
475 1925 699 2008 insequuntur.
740 1923 788 1984 lhi
815 1943 886 1983 cum
910 1943 968 1984 rex
991 1923 1144 1984 instructa

158 2003 292 2084 halange
324 1943 487 2086 ‹lispersos
510 2017 543 2065 et
571 2001 718 2064 turbatos
746 2002 886 2064 hostium
907 2003 1036 2063 ordines
1060 2004 1144 2064 inva-

135 2025 238 2160 deree
260 2082 364 2144 statim
387 2105 479 2146 versa
499 2103 623 2168 pugnae
643 2081 790 2160 fortuna,
810 2095 898 2143 tanta
919 2082 1145 2145 Thebanorum

135 2161 309 2243 trepidatio
330 2163 411 2242 fuit,
437 2177 535 2226 utne
557 2164 727 2244 adportas
749 2162 895 2246 quidem,
925 2183 987 2244 per
1013 2183 1091 2246 quas
1113 2162 1144 2222 in

136 2241 250 2302 urbem
272 2261 306 2302 se
329 2257 532 2326 receperant,
554 2242 767 2304 occludendas
786 2253 897 2304 ‘mente
912 2252 1143 2323 competerent:

137 2322 243 2394 simul,
266 2323 321 2403 qui
344 2324 513 2384 Cadmeam
533 2323 700 2398 tenebant,
728 2323 760 2387 in
785 2323 946 2384 subiectos
969 2321 1035 2380 arci
1056 2321 1144 2382 vicos

137 2413 359 2461 excurrerunt.
398 2404 444 2464 lta
466 2402 660 2463 nobilissima
682 2402 836 2462 Graeciae
862 2399 938 2460 urbs
967 2400 1049 2458 intra
1070 2417 1145 2458 eun·

138 2479 211 2538 dem
249 2480 334 2539 diem
363 2491 544 2562 oppugnata
572 2491 604 2540 et
640 2492 733 2561 capta
769 2491 826 2538 est.
882 2479 1012 2538 Nullum
1041 2479 1073 2537 in
1108 2498 1145 2538 ea

138 2557 335 2618 crudelitatis
352 2562 531 2641 exemplum
544 2559 804 2639 praetermissum
826 2567 965 2619 constat:
990 2557 1074 2620 viros
1098 2557 1145 2617 fe·

138 2636 300 2720 minasque
319 2636 502 2716 promiscua
520 2641 643 2720 strages
664 2637 783 2711 hausit,
812 2657 872 2697 nec
887 2637 926 2697 ab
942 2634 1144 2716 impuberum

140 2716 237 2776 caede
265 2727 478 2796 temperatum
507 2729 566 2782 est.
608 2717 823 2784 Phocensium
845 2711 876 2812 9)
899 2717 1144 2778 Plataeensium-

140 2813 203 2893 que
235 2807 268 2856 ct
296 2795 589 2859 Orchomeniorum
621 2809 654 2858 et
683 2797 926 2877 'l'hespiensmm
954 2815 991 2858 ea
1018 2797 1145 2858 infamia

139 2875 220 2950 luit,
248 2873 364 2957 quibus
389 2877 481 2954 olim,
510 2878 586 2936 dum
609 2877 761 2938 Thebana
783 2897 836 2937 res
857 2876 1000 2948 valebat,
1026 2877 1144 2937 vicinae

140 2955 275 3020 civitatis
301 2957 464 3036 opulentia
484 2955 617 3032 exitiosa
638 2956 760 3020 fuerat:
783 2956 974 3017 Macedones
993 2957 1078 3018 ultra
1097 2956 1144 3017 l'as

148 3158 345 3174 m

209 3291 237 3358 8)
258 3271 371 3344 lliodcr.
394 3306 475 3356 17,9.
494 3288 599 3340 Arrian'.
621 3305 650 3352 1,
673 3289 707 3352 3,
727 3301 762 3340 ra.
788 3287 914 3355 Polyaen.
936 3281 967 3352 4,
986 3287 1011 3347 3,
1038 3301 1077 3336 12.
1098 3285 1145 3336 Sa·

141 3362 232 3412 bellic.
253 3377 285 3410 ex
305 3359 441 3410 Plutarch.
461 3375 485 3410 c.
504 3371 542 3423 19.·
557 3357 671 3407 Diodor.
690 3371 731 3423 17,
751 3373 781 3407 ιι.
799 3351 905 3405 Arriain.
928 3353 953 3420 l,
970 3355 994 3420 3,
1018 3357 1057 3406 ι3.

209 3427 237 3495 9)
259 3427 372 3479 Diodor.
394 3443 435 3493 17,
454 3429 491 3479 ι3.
509 3427 615 3476 Arrian.
637 3443 660 3491 ι,
680 3426 705 3491 3,
729 3441 768 3492 ¹7·
952 3433 954 3439 ’
