2636 3860
172 398 204 447 tt
520 437 524 444 s
544 390 563 438 l.
583 391 603 438 F
606 387 801 440 aetustttnlt
825 399 842 436 .’
929 435 933 439 .

172 542 293 600 sionem
314 538 405 619 regni
427 537 509 598 lilius
532 546 625 602 esset.
647 538 726 597 Earn
747 533 778 617 ⁸)
797 537 928 598 barbari
948 531 1171 601 'emrtumeliam

171 623 312 680 ulturum
337 618 443 678 ferens
455 617 633 698 Philippus,
651 618 768 680 omisso
783 619 947 698 Byzantio,
964 619 995 680 in
1010 617 1171 699 Scythiam

173 699 334 762 convertit
354 718 475 799 agmen.
524 698 586 759 Ubi
606 709 754 762 conserto
776 699 919 778 proelio,
943 719 1015 760 cum
1036 711 1170 762 numero

171 779 355 860 superiores
377 777 513 858 bcythae
534 792 649 854 essent,
670 797 730 839 nee
746 778 872 839 virtutis
886 779 1080 862 poeniteret,
1102 793 1171 843 arte

172 859 313 940 Philippi
333 859 557 920 Macedonibus
579 859 714 920 victoria
735 860 840 924 cessit.
863 860 960 922 Cuius
982 881 1075 923 omne
1096 881 1171 944 pre-

172 941 252 1000 tium
280 959 435 1020 pecorum
463 960 686 1023 equorumque
710 939 835 998 maximi
865 961 996 1024 greges,
1025 951 1059 1004 et
1085 941 1171 1006 iniit·-

171 1019 280 1080 mioris
302 1021 412 1080 aetatis
433 1039 590 1103 sexusque
612 1019 728 1102 captivi
746 1018 861 1092 fuere:
887 1033 1016 1084 ceterae
1026 1023 1168 1104 praedae

171 1099 247 1159 nihil
269 1119 345 1159 exce
371 1111 439 1159 tum
459 1111 516 1163 est.
559 1101 689 1188 Quippe
712 1098 826 1180 opibus
850 1101 976 1162 minime
996 1101 1168 1164 studebant

172 1181 284 1254 Getae,
305 1120 368 1240 sedJ
382 1179 565 1261 quotidiano
588 1181 676 1241 victu
697 1180 838 1240 contenti
854 1194 1078 1264 paupertatem
1088 1183 1171 1246 inter

171 1261 257 1321 ritae
279 1258 446 1320 commoda
466 1260 681 1320 numerabant.
719 1261 871 1322 Ceterum
892 1283 964 1324 cum
986 1283 1025 1323 ex
1045 1261 1171 1342 Scythia

171 1339 368 1420 regrediens,
388 1339 484 1422 longo
513 1339 813 1420 impedimentorum
842 1343 980 1424 agmine,
1010 1363 1071 1424 per
1102 1344 1170 1402 Tri-

174 1421 275 1484 ballos
297 1420 360 1480 iter
376 1415 520 1494 faceret,'
531 1419 577 1480 illi
591 1420 778 1502 opportunis
799 1421 877 1482 locis
892 1423 1056 1504 occupatis
1071 1435 1170 1500 trans-

170 1503 249 1560 itum
271 1499 446 1594 negabant,
474 1501 533 1561 nisi
552 1501 691 1582 praedae
712 1512 839 1580 partem
860 1503 1034 1586 accepturi.
1070 1506 1171 1566 Erant

75 1593 78 1606 “
172 1582 203 1640 in
226 1591 368 1640 exercrtu
389 1580 529 1662 Philippi
548 1577 736 1642 mercenarii
764 1581 965 1644 Graecorum
985 1582 1014 1663 7)
1043 1585 1171 1661 milites,

177 1661 232 1744 qui
253 1673 285 1720 et
305 1661 376 1741 ipsi,
398 1680 470 1722 cum
491 1662 522 1722 in
544 1660 731 1721 discriminis
752 1674 878 1742 partem
893 1665 1064 1742 venissent,
1086 1685 1172 1727 com-

141 1813 145 1822 ,
176 1740 347 1800 modorum
367 1753 510 1802 exsortes
531 1740 644 1801 haberi
661 1742 798 1802 moleste
818 1741 979 1808 Ferebant.
998 1745 1075 1806 Inde
1101 1757 1172 1809 orta

173 1820 328 1881 seditione
359 1819 399 1879 ad
427 1843 536 1882 manus
565 1835 695 1882 ventum
722 1835 770 1883 est
800 1836 866 1885 tam
896 1825 961 1886 acri
988 1827 1175 1902 certamine,

174 1913 210 1960 ut
234 1901 341 1960 multis
368 1901 516 1984 utrinque
545 1902 727 1962 cadentibus
753 1904 848 1964 etiam
880 1926 938 1965 rex
964 1905 1174 1978 sauciaretur,

173 1980 348 2042 transilisse
373 1979 508 2055 femore,
530 1981 709 2064 eodemque
727 1983 859 2044 vulnere
875 1983 1049 2047 interiecto
1067 2005 1171 2068 equo:

172 2073 257 2122 tanta
287 2059 332 2120 vis
368 2059 471 2136 adacti
506 2061 581 2136 teli,
623 2072 768 2146 tantaque
801 2064 903 2124 virtus
935 2063 1100 2124 inferentis
1129 2064 1174 2124 ic·

175 2153 241 2202 tum
261 2138 330 2198 fuit.
356 2139 403 2198 lbi
422 2153 489 2200 tum
510 2154 581 2201 ante
605 2159 716 2208 omnes¹
740 2145 889 2223 prosiluit
909 2143 1109 2220 Alexander,
1130 2144 1173 2204 ia-

174 2231 362 2302 centemque
380 2221 492 2301 clypeo
515 2233 704 2304 protegens,
738 2224 928 2284 irruentium
947 2226 978 2286 in
999 2244 1074 2286 eum
1094 2224 1173 2287 alios

174 2299 302 2376 occidit,
323 2299 403 2360 alios
425 2301 540 2362 avertit
566 2303 598 2361 in
628 2301 751 2384 fugam.
795 2307 842 2364 Ita
872 2301 928 2365 filii
985 2305 1081 2365 ietate
1109 2326 1173 2366 sere

172 2393 264 2442 vatus
296 2391 361 2456 est,
392 2380 637 2442 abscedentibus
670 2383 725 2467 qui
746 2386 933 2524 oppressuri
961 2325 1106 2464 luerent,
1134 2406 1174 2446 eo

173 2461 340 2542 promtius,
363 2461 450 2543 quod
471 2460 678 2523 interfectum
700 2465 788 2525 credi
813 2477 918 2543 erant3
951 2465 996 2528 sic
1024 2465 1086 2548 ipsi
1107 2466 1174 2544 vul-v

174 2541 258 2600 neris
283 2543 441 2602 atrocitati
468 2543 563 2603 vitam
591 2543 742 2604 debuisse
771 2545 857 2606 visus
885 2547 996 2608 mortis
1022 2545 1173 2628 opinione

174 2633 309 2682 mortem
334 2620 458 2703 effugit.
500 2625 623 2684 Praeda
647 2623 731 2685 inter
758 2627 1048 2688 consternationem
1064 2627 1175 2686 amissa

175 2713 231 2764 est.
273 2702 424 2761 Ceterum
447 2725 486 2764 ex
508 2705 642 2765 vulnere
665 2704 845 2766 claudicare
859 2719 1001 2782 coactus,
1023 2707 1175 2778 cumini-

174 2780 219 2841 tio
243 2799 312 2838 eam
339 2784 485 2862 corporis
514 2782 778 2844 deformationem
804 2805 902 2866 aegro
934 2789 1036 2846 animo
1060 2785 1174 2860 ferret,

175 2859 372 2930 memorabili
400 2863 439 2923 ad
465 2865 688 2945 posteritatem
724 2862 936 2926 adolescentis
965 2885 1047 2932 voce
1075 2865 1174 2926 moni-

175 2951 227 3000 tus
251 2951 300 3002 est
320 2937 362 3022 3),
383 2965 445 3008 uon
467 2945 559 3008 irasci
584 2942 719 3024 vulneri,
741 2945 830 3006 cuius
852 2966 952 3031 opera
972 2945 1012 3006 ad
1033 2944 1173 3025 singulos

181 3106 378 3122 ‘nn—.-

244 3228 272 3298 d)
291 3231 357 3282 ouo
374 3229 486 3296 Frising.
512 3235 537 3294 2,
556 3226 597 3296 ad,
632 3229 671 3279 Ιο.
690 3230 801 3296 Magnus
817 3230 880 3282 hist.
901 3229 983 3282 Goth.
1007 3231 1041 3296 3,
1064 3229 1102 3282 10'.
1122 3231 1175 3282 Ac·

178 3295 281 3348 schines
298 3298 357 3350 adv.
377 3299 541 3364 Ctesiphont.
576 3297 598 3368 l
619 3298 675 3348 128.
692 3315 715 3348 s.

244 3364 271 3499 73
291 3365 365 3418 Cur-t.
383 3367 409 3426 8,
432 3374 457 3426 1,
475 3363 517 3429 ad.

242 3433 259 3482 8
294 3435 362 3483 Plut.
384 3433 419 3486 dc
445 3433 509 3486 sort.
526 3434 602 3490 Alex·
623 3451 653 3500 1,
679 3435 718 3488 13.
736 3435 874 3486 Demosth.
900 3436 934 3488 de
952 3449 1063 3496 corona.
1100 3439 1175 3492 Curt.

179 3505 263 3566 10,2,
283 3503 325 3556 23.
663 3534 669 3538 -
