2660 3864
194 350 244 404 112
580 343 601 394 1.
621 331 839 394 FltElNSllEblll

128 559 134 565 ,
195 489 243 552 nis
264 477 397 572 regibus
418 479 613 574 populisque
636 487 830 566 deditionem
853 489 885 550 ct
906 479 1051 552 delectus
1073 481 1209 572 impera·

195 584 297 636 uerat.
339 569 405 630 Sed
435 571 562 646 ludaei,
585 567 640 654 qui
665 561 888 650 Hierosolyma
917 570 1071 630 famosam
1093 571 1210 632 urbem

197 650 360 724 tenebant,
382 647 499 711 foedus
521 671 592 711 cum
615 649 715 711 Dario
736 651 872 726 causati,
901 649 1111 710 Macedonum
1134 652 1212 710 ami-
1274 670 1278 674 ·

199 729 305 791 citiam
332 729 562 790 detrectabant-
604 728 682 788 Eam
707 729 809 822 gentis
831 729 1060 792 contumaciam
1083 731 1212 810 punitus
1260 733 1267 738 ’

198 827 253 870 rus
278 811 310 870 in
331 809 478 870 Iudaeam
501 809 620 870 inl'esto
645 824 668 868 'a'
685 823 768 868 mme
788 809 940 890 porrexit.
970 811 1014 868 ut
1035 808 1079 881 ¹⁶)
1094 804 1213 872 Hier-00

198 889 385 964 solymitani,
406 901 442 950 ut
462 889 548 972 regis
571 889 651 949 iram
664 829 818 965 lenirent,
843 905 916 949 cum
937 879 1091 949 uxoribus
1112 885 1212 950 liber·-

196 971 288 1054 isque
327 971 490 1051 supplices
526 969 558 1028 in
590 975 764 1029 'occursum
799 968 956 1030 venientis
992 967 1210 1030 elitanduntura

199 1049 393 1112 Sacerdotes
421 1049 516 1130 primi
547 1039 635 1108 ibant
660 1042 845 1109 tenuissima
873 1044 967 1130 bysso
996 1048 1118 1114 amicti:
1149 1049 1211 1108 hos

197 1129 314 1190 deinde
342 1131 482 1209 populus
520 1128 654 1190 candido
687 1134 721 1189 et
749 1128 818 1209 ipse
852 1129 972 1192 vestim
1003 1121 1212 1214 sequebatur.

200 1212 325 1293 Agmen
358 1208 499 1270 ducebat
536 1207 671 1285 laddum
700 1225 841 1279 summus
875 1224 1040 1270 sacrorum
1069 1210 1212 1286 antistes,

198 1305 272 1350 cum
303 1287 448 1352 sollemni
479 1301 604 1351 ornatu.
655 1289 951 1374 Appropinquantis
985 1301 1123 1370 pompae
1156 1303 1212 1350 re·-

199 1372 359 1430 nus'tatem
380 1369 584 1452 speciemque
606 1363 820 1445 miratusfrex,
841 1387 931 1452 equo,
943 1367 1102 1446 desiliens,
1124 1369 1211 1430 solus

223 1450 369 1522 recessit,
392 1448 591 1531 adoratoque
612 1449 676 1510 Dei
697 1449 843 1527 nomine,
874 1447 960 1533 quod
987 1462 1102 1512 aureae
1124 1450 1212 1510 lami,-

164 1578 166 1588 .
223 1551 260 1592 ae
290 1529 482 1608 insculptum
512 1528 628 1589 cidaris
660 1527 821 1610 'pontificia
855 1527 1080 1611 praelerebat,
1108 1522 1212 1610 ipsum

206 1624 337 1694 quoquo
358 1616 549 1670 reverenter
576 1608 733 1670 salutavita
774 1607 949 1693 Improvisn
978 1626 1030 1668 res
1061 1609 1214 1686 omniunt,

202 1692 259 1774 qui
281 1711 352 1750 cum
374 1707 414 1747 eo
440 1689 643 1762 advenerant,
663 1689 781 1754 animos
804 1689 836 1748 iu
859 1699 1023 1770 stuporem
1044 1687 1141 1749 dedit.
1162 1687 1212 1750 lua

203 1771 275 1831 ‹laei
296 1787 335 1828 ex
354 1769 530 1906 propinqui
551 1769 640 1828 exitii
665 1781 756 1838 metu
781 1789 844 1829 non
869 1769 900 1828 in
934 1781 1026 1852 spem·
1047 1761 1213 1830 incolumi-

202 1851 277 1912 tatis
298 1870 351 1908 mo
375 1868 395 1907 o
418 1849 475 1909 sed
495 1849 674 1930 inopinatae
697 1849 817 1930 gratiae
838 1845 985 1910 liduciam
1007 1849 1126 1925 erecti,
1153 1849 1212 1910 cir:-

206 1928 365 1993 cumib‘ant
386 1943 509 2009 regem,
530 1927 641 1988 laudes
657 1928 967 2012 gratulationemquo
991 1941 1024 1990 et
1046 1941 1120 1990 vota
1140 1931 1212 1990 mis-

205 2020 323 2072 rentes.
364 2009 481 2068 Contra
503 2009 656 2087 Syrorum
679 2009 801 2089 reguli,
831 2009 885 2090 qui
907 2009 948 2069 ob
972 2009 1104 2070 crebras
1125 2027 1213 2070 acer·-

206 2093 328 2171 basque
363 2101 435 2148 cum
458 2087 591 2164 ludaeis
631 2087 806 2148 simultates
851 2089 1066 2150 Alexandrum
1110 2091 1214 2150 secuti

151 2123 193 2216 s
207 2171 350 2239 lucrant,
382 2166 584 2227 inimicorum
621 2168 800 2262 suppliciis,
841 2180 876 2235 ut
910 2169 1079 2247 rebantur,
1106 2169 1215 2232 iul'esti

209 2251 302 2312 animi
322 2248 485 2308 libidinem
507 2247 684 2328 expleturi,
705 2248 884 2330 stupebant,
905 2248 1003 2322 dubii,
1024 2267 1141 2310 verane
1167 2249 1215 2310 es·-

210 2329 395 2414 sent‚'q11ae
416 2329 629 2404 intuerentur,
649 2344 686 2388 an
702 2328 832 2412 'aliquod
852 2329 1020 2390 oculorum
1041 2330 1214 2407 ludibrium

211 2428 289 2474 vana
319 2409 454 2492 imagine
481 2411 602 2490 sopitos
634 2421 745 2470 sensus
774 2409 912 2469 lallcret.
966 2411 1077 2492 Neque
1112 2411 1214 2470 minus

210 2491 401 2553 Macedonas
425 2489 589 2548 insolentia
610 2490 785 2572 spectaculi
806 2506 979 2570 suspensos
998 2485 1123 2554 habuit:
1159 2491 1215 2552 dm

213 2592 274 2634 nec
324 2571 435 2651 ropius
474 2568 627 2630 accedens
662 2569 853 2630 Parmenion
889 2561 1088 2652 interrogare
1122 2589 1227 2630 ausus,

214 2592 333 2731 estul,
352 2651 429 2732 quid
449 2649 492 2708 ita
514 2650 651 2709 externis
669 2649 865 2710 caerimoniis
882 2649 1036 2712 honorem
1060 2649 1215 2724 delei-ret,

215 2745 311 2816 quem
332 2739 432 2790 atam
454 2729 551 2789 foeda
571 2738 668 2868 pente
690 2731 783 2789 etiam
803 2731 951 2812 recipere
981 2731 1034 2791 vix
1054 2739 1142 2791 tanto
1165 2747 1216 2798 re-

215 2833 255 2894 ge
277 2812 406 2894 dignum
427 2806 535 2870 esset?
596 2815 675 2892 tque
694 2809 748 2870 ille
768 2809 957 2870 insomnium
982 2831 1073 2870 suum
1093 2810 1215 2874 retulit.
1292 2838 1296 2855 ι

212 2891 338 2953 Deinde
359 2890 473 2949 urbem
494 2890 665 2970 ingressus,
683 2889 714 2948 in
735 2887 950 2971 pulcherrima
980 2891 1059 2951 aede
1080 2891 1144 2950 ritu
1165 2908 1216 2949 Νι

214 2982 314 3052 cepto
337 2985 463 3031 'sacrum
484 2970 556 3030 Deo
577 2968 674 3046 lecit,
709 2982 742 3031 et
766 2969 847 3031 dona
868 2970 989 3053 templo
1009 2965 1127 3034 intulit,
1169 2969 1216 3029 lu·

215 3054 320 3136 spe-xit
341 3053 437 3112 etiam
457 3065 566 3111 sacros
585 3051 689 3134 gentis
709 3049 857 3130 codiccsq
878 3053 993 3136 quibus
1015 3041 1217 3112 contineban-

285 3295 328 3364 16)
346 3286 476 3364 loseplrus
495 3293 536 3357 11,
554 3291 580 3345 3.
600 3285 731 3378 Ettselpius
750 3299 817 3343 orat.
838 3304 861 3345 l.
912 3359 914 3364 ,
1077 3357 1085 3375 „
1138 3357 1141 3362 ῃ

216 3364 488 3490 ansillbifflvlm
513 3361 693 3444 druppuptp
714 3363 863 3440 cedrenus.
885 3363 992 3432 Glycat.
1007 3355 1110 3431 Sulptc.
1132 3362 1214 3414 Sere·
