2660 3864
397 361 513 414 SUPPL.
531 361 568 414 IN
586 361 619 429 Q.
639 361 793 412 Cllll'l'lllll
810 358 888 412 t.11.
1112 364 1144 416 dl

144 533 186 574 ne
215 511 328 593 dignus
354 507 488 591 imperio
510 517 694 589 supererat,
730 507 919 591 Cleopatrae
948 507 1060 568 sobole
1088 525 1148 589 per

146 589 371 686 Olympiadem
391 589 586 670 intercepta:
608 587 762 649 Aridaeus
787 589 818 661 ²]
839 588 986 650 sordibus
1014 588 1173 664 maternit
1225 623 1231 629 ·

171 687 275 734 enerts
306 681 339 731 et
359 669 484 730 turbata
505 679 611 729 meme
633 667 849 730 Macedoniam
876 668 1038 730 dedecere
1058 679 1148 750 puta·
1253 739 1258 746 ι

145 695 250 818 daun.
291 751 421 815 verum
435 749 490 810 ille
519 747 632 831 quietis
658 749 824 830 impatiens
850 749 926 808 nihil
947 748 1007 808 nisi
1029 747 1148 808 bellum

147 847 182 895 at
209 853 249 893 ex
276 830 411 893 victoria
447 829 581 912 gloriam
612 829 734 889 assidua
762 849 801 892 co
826 829 954 890 ‘tatione
989 826 1147 890 volvebat.

148 914 259 997 igitur,
279 911 349 974 Vos
369 908 515 994 quidem,
540 909 657 992 iuquit,
686 921 723 970 ut
741 929 801 992 pro
825 930 861 970 os
883 920 915 970 et
937 919 1075 969 amantes
1095 927 1149 989 pa·

146 995 229 1055 triae
248 991 336 1055 viros
356 989 460 1066 decet,
481 989 521 1051 de
542 988 716 1052 commodis
736 989 943 1074 adversisque
962 989 1046 1049 illius
1066 986 1150 1048 haud

150 1075 216 1136 sine
243 1091 336 1133 causa
362 1070 491 1132 solliciti
518 1070 618 1152 estis,
646 1069 792 1132 Arduum
812 1070 910 1144 enim,
940 1069 1009 1154 quis
1030 1064 1150 1151 neget?

150 1174 231 1236 opus
252 1152 415 1228 ordimur,
437 1149 524 1236 quod
547 1150 645 1211 semel
670 1161 794 1212 temere
815 1162 982 1234 coeptum,
1008 1150 1035 1208 si
1056 1142 1178 1210 even-l

148 1247 200 1296 tus
221 1243 349 1316 arguat,
377 1252 449 1292 scra
474 1230 668 1314 poenitentia
697 1251 897 1316 nequaquem
924 1228 1151 1292 emendaverit.

149 1317 228 1376 Nam
259 1323 428 1396 antequam
452 1311 524 1374 vela
557 1310 731 1383 solvamus,
761 1311 911 1393 navigare
932 1309 1083 1372 velimus,
1114 1329 1151 1367 au

150 1395 328 1478 quiescere,
351 1402 457 1452 nostra
473 1390 661 1451 consultatio
683 1401 747 1453 est:
772 1410 845 1451 cum
864 1389 966 1450 ventis
985 1387 1152 1448 fluctibus-

149 1494 215 1557 que
245 1491 304 1533 nos
326 1469 571 1545 crediderimus,
597 1469 628 1529 in
649 1471 792 1550 ipsorum
819 1467 951 1531 arbitrio
979 1469 1078 1529 curnis
1098 1488 1153 1528 no·

152 1565 219 1613 ster
241 1571 353 1612 cursus
374 1549 445 1614 erit.
485 1551 596 1634 Itaque
616 1571 678 1611 non
692 1549 826 1612 moleste
841 1547 913 1610 sero
933 1560 1069 1610 vestram
1087 1549 1153 1628 opi·

150 1634 279 1694 nionem
300 1653 318 1692 a
337 1629 490 1692 sententia
511 1650 582 1690 mea
602 1629 769 1694 dissidere·
785 1629 862 1713 quin
880 1629 986 1712 potius
1008 1628 1153 1712 simplici·

151 1723 249 1773 tatem
273 1711 380 1788 laudo,
400 1730 524 1793 vosque
545 1729 681 1792 precor,
712 1721 755 1792 nt·
775 1710 807 1769 in
827 1709 865 1769 iis
886 1711 997 1783 etr‘am,
1023 1708 1063 1770 de
1085 1709 1154 1791 qui-

152 1793 212 1854 bus
234 1811 334 1874 porro
355 1789 537 1867 referetur,
565 1789 679 1850 eodem
705 1789 848 1850 instituto
876 1789 1014 1850 utamini.
1053 1788 1155 1849 Amici

153 1893 277 1956 regum,
297 1872 324 1932 si
346 1871 402 1954 qui
423 1890 463 1930 eo
483 1869 609 1931 nomine
633 1869 719 1952 digni
739 1881 828 1947 sunt,
853 1889 917 1934 non
937 1882 1000 1930 tam
1022 1867 1154 1966 gratiam

154 1974 285 2028 eorum,
312 1973 406 2036 quam
431 1947 600 2013 utilitatem
620 1961 719 2034 atque
740 1950 857 2026 decus,
889 1949 921 2010 in
950 1949 1081 2011 consilio
1102 1948 1155 2009 ha·

153 2034 238 2096 beot.
280 2032 345 2122 Qui
365 2032 457 2092 aliter
476 2029 548 2092 fieri
572 2045 692 2108 censet,
708 2051 803 2115 quam
825 2031 895 2116 ipse
910 2029 1052 2092 facturus
1074 2041 1155 2106 erat,

154 2136 217 2176 non
241 2113 369 2174 instruit
394 2111 621 2188 consultorem,
642 2112 700 2172 sed
720 2111 850 2194 decipit.
892 2113 1045 2174 Ceterum
1066 2121 1156 2172 utet

154 2194 245 2256 vobis
277 2192 400 2257 consilii
423 2193 487 2268 mei
517 2193 598 2254 ratio
628 2203 751 2275 pateat,
778 2205 901 2254 certum
932 2190 1054 2268 habeo,
1080 2190 1157 2252 nihil

154 2275 256 2336 minus
277 2273 448 2338 convenire
467 2273 565 2333 rebus
586 2273 681 2349 meis,
702 2293 795 2355 quam
817 2272 1010 2338 dilationem.
1051 2268 1182 2348 Omni,t

157 2375 239 2438 quae
260 2353 345 2414 circa
364 2352 581 2412 Macedoniam
594 2353 681 2428 colit,
701 2351 847 2414 barbarie
867 2363 987 2434 pacata,
1011 2350 1157 2410 exstinct-

151 2435 247 2518 isque
288 2433 488 2494 Graecorum
527 2429 681 2509 motibus,
723 2430 931 2491 fortissimum
968 2430 1158 2490 florentissi-

156 2531 307 2594 mamque
340 2509 515 2571 exercitum
545 2509 611 2568 otio
647 2519 680 2568 et
718 2505 839 2571 desidia
875 2507 971 2570 dilabi
1001 2509 1158 2593 patimur;

159 2613 197 2653 an
217 2591 326 2672 potius
352 2589 385 2647 in
407 2587 659 2669 opulentissimas
679 2588 773 2648 Asiae
802 2589 950 2673 regiones
971 2589 1158 2668 inducimus,

158 2670 235 2731 olim
261 2666 495 2750 possessionem
527 2668 595 2729 eius
620 2687 679 2749 spe
701 2669 921 2749 complexum,
953 2680 986 2730 et
1042 2673 1159 2732 raemia

159 2750 323 2825 laborum,
350 2767 430 2831 quos
453 2748 508 2810 diu
528 2747 587 2809 sub
612 2759 703 2830 patre
726 2769 816 2826 meo,
844 2750 960 2812 deinde
985 2691 1077 2814 coitis
1103 2752 1159 2812 im-

160 2829 344 2914 perantibus
369 2829 500 2890 tertium
520 2828 580 2890 iam
602 2849 718 2890 annum
738 2827 902 2907 exhausit,
931 2851 970 2892 ex
988 2835 1160 2894 Persarum

160 2910 272 2994 spoliis
299 2907 524 2990 expetentem?
559 2911 686 2972 Novum
707 2905 738 2990 ³)
760 2908 863 2972 adhuc
886 2912 1053 2992 imperium
1072 2912 1162 2974 Darii

161 3003 220 3068 est,
242 3003 275 3052 et
297 2988 466 3052 interfecto
485 2992 604 3083 Bagoa,
625 2989 714 3051 cuius
734 2988 888 3052 beneficio
906 3004 1030 3072 regnat,
1050 2993 1162 3052 crude-

159 3072 256 3134 litatis
280 3082 313 3132 et
332 3069 565 3151 ingratitudinis
584 3069 796 3151 suspicionem
818 3070 902 3152 apud
918 3089 992 3132 suos
1011 3073 1145 3134 incurrit
1153 3069 1167 3137 τ’

163 3155 326 3238 quaeres
357 3149 494 3230 optimos
523 3169 652 3228 eorum,
680 3149 735 3232 qui
755 3161 885 3231 parent,
899 3181 900 3188 κ
914 3151 989 3214 odio
1011 3152 1162 3215 adversus

162 3234 353 3316 imperantes
374 3229 521 3312 implent,
542 3241 576 3292 et
596 3229 636 3292 ad
658 3229 811 3316 obsequia
831 3231 1010 3316 segniores,
1034 3243 1088 3312 aut
1106 3235 1162 3296 oti-

230 3383 257 3453 2)
276 3384 443 3439 Freinshem.
460 3390 488 3440 in
505 3387 580 3440 Curt.
599 3395 641 3454 10,
658 3405 684 3456 7.
705 3395 729 3447 2.

232 3454 261 3522 3)
279 3456 401 3507 Zosimus
418 3456 465 3508 lib.
488 3476 509 3515 ι,
530 3457 605 3516 Curt.
623 3459 651 3516 6,
671 3457 699 3525 i?
722 3471 759 3511 ιο.
772 3455 889 3510 Ἰ[)ἰοιίοι·.
911 3472 951 3528 17,
971 3461 996 3514 5.
1087 3490 1089 3498 ι

919 3547 964 3598 5*
