2660 3864
181 311 230 364 102
547 297 568 355 1.
586 295 806 353 mummuli
841 297 845 306 '

178 449 217 511 ad
237 448 356 522 locum,
375 445 431 506 ubi
451 445 664 529 pugnabatur,
688 444 930 510 confluentibus.
954 447 1012 523 ltu,
1032 465 1116 507 nunc
1133 445 1181 506 his

178 548 261 589 nune
282 527 343 586 illis
367 525 487 586 robore
507 547 706 610 numeroque
727 525 970 608 superioribus,
991 526 1079 588 varie
1102 547 1182 607 pug-

178 621 286 668 natum
302 617 368 668 est:
391 605 494 668 donec
515 605 561 681 ιι)
576 605 759 667 Alexander
774 627 846 667 cum
867 619 973 682 manu,
994 626 1077 689 quae
1099 608 1183 668 circa

177 689 282 780 ipsum
303 697 393 760 erat,
414 705 604 767 progressus
631 698 752 747 metum
777 683 921 748 hostibus
952 685 1101 762 incussit,
1122 697 1183 746 sta·

178 779 300 848 umque
327 765 409 826 intra
437 767 629 827 munimenta
658 765 814 848 compulsi
841 776 933 844 sunt,
960 784 1021 825 nec
1049 765 1183 825 multum

179 844 297 918 abfuit,
330 845 406 928 quin
435 844 545 908 hostes
573 845 667 907 simul
695 845 921 928 irrumperent.
969 845 996 904 F
1000 854 1073 904 orte
1101 845 1184 905 enim

181 924 308 984 intentis
330 924 476 986 omnibus
499 927 531 986 in
553 947 609 1001 ea,
638 945 721 1009 quae
750 938 823 986 ante
845 927 960 985 urbem
980 923 1184 1006 gerebantur,

178 1004 303 1064 moenia
323 1003 524 1086 negligenter
544 1007 666 1067 servari
688 1007 883 1087 contigerat:
906 999 1098 1084 etduie12)
1117 1017 1184 1064 tur·

179 1103 232 1144 res
261 1103 333 1144 cum
363 1084 536 1146 continenti
563 1107 730 1148 murorum
763 1096 855 1166 parte
892 1082 1015 1144 crebris
1049 1085 1185 1145 arietum

179 1161 294 1223 ictibus
316 1176 497 1242 cesserant3
517 1165 613 1226 tertia
634 1185 775 1249 quoque,
795 1165 896 1226 laxata
909 1163 972 1222 iam
986 1174 1019 1222 et
1033 1183 1186 1238 concussa

180 1261 347 1324 compage,
367 1241 561 1306 fodientibus
582 1244 667 1306 haud
687 1246 719 1306 in
739 1245 870 1326 longum
890 1243 1042 1304 resistere
1063 1242 1185 1326 potuis-

180 1334 239 1386 set
280 1321 323 1382 At
345 1323 418 1414 quia
439 1325 680 1385 tumultuarium
700 1321 733 1384 id
751 1323 913 1406 proelium
933 1342 1037 1406 neque
1057 1323 1184 1402 univer·

180 1421 233 1462 sus
255 1414 413 1462 exercitus
435 1403 605 1465 instructus
626 1403 744 1479 fuerat,
766 1402 988 1485 opportunitas
1009 1403 1076 1464 eius
1097 1402 1146 1462 rei
1165 1421 1184 1464 e

179 1480 323 1541 manibus
345 1482 459 1543 amissa
477 1495 536 1548 est.
566 1484 757 1556 Alexander,
783 1505 877 1566 quam
901 1502 971 1541 uam
994 1480 1041 1562 13)
1066 1503 1103 1544 ea
1127 1501 1181 1542 res

180 1560 330 1642 opinione
351 1560 548 1623 Graecorum
570 1562 611 1625 de
633 1563 768 1626 victoria
784 1505 986 1623 concedentis
1006 1563 1184 1637 videretur,

181 1659 485 1720 corporavsuorum,
513 1643 567 1727 qui
589 1642 649 1702 sub
675 1642 751 1725 ipsis
776 1642 942 1704 moenibus
971 1643 1185 1724 oppetierant,

182 1719 316 1778 induciis
337 1723 505 1799 postulatis
534 1723 573 1783 ab
595 1721 688 1784 hoste
708 1734 879 1803 repetere,
906 1741 1000 1804 quam
1025 1721 1186 1782 inhumata

181 1797 355 1872 dimittere,
381 1801 498 1862 maluit.
519 1802 619 1874 ΑΝ]
636 1802 692 1896 qui
713 1823 786 1864 cum
806 1801 913 1862 Persis
936 1813 1035 1878 erant,
1057 1800 1186 1882 Ephial-

179 1889 229 1938 tes
251 1891 284 1937 et
305 1876 521 1958 Thrasybulus
543 1882 768 1958 Athenienses,
798 1900 871 1942 cum
895 1881 969 1963 plus
997 1880 1081 1962 apud
1101 1881 1186 1962 ipsos
1214 1947 1221 1962 Χ

181 1957 292 2019 odium
313 1956 466 2019 adversus
493 1961 699 2038 Macedonas,
737 1981 831 2046 quam
865 1960 1067 2022 humanitatis
1093 1959 1186 2037 ratio,

181 2035 322 2110 valeret,
352 2037 509 2118 negabant
536 2041 764 2122 indulgendum
784 2038 847 2102 hoc
873 2061 943 2101 esse
974 2039 1184 2101 infestissimis

180 2113 335 2176 hostibus.
375 2118 446 2177 Non
472 2131 577 2179 tamen
607 2131 837 2200 permoverunt
862 2122 1080 2188 Memnonem,
1110 2119 1187 2201 quin

181 2197 380 2255 Graecorum
397 2198 540 2258 moribus
565 2199 726 2282 indignum
746 2219 817 2262 esse
838 2199 971 2274 diceret,
992 2199 1188 2280 sepulturam

181 2274 325 2336 invidere
348 2276 446 2336 caesis
465 2277 620 2343 hostibus.
657 2279 762 2340 Armis
788 2291 819 2340 et
840 2278 961 2341 viribus
981 2279 1012 2338 in
1034 2278 1187 2340 adversos

181 2367 214 2416 et
235 2352 424 2415 obsistentes
446 2357 617 2420 utendum:
638 2380 743 2442 neque
765 2359 964 2419 contumeliis
983 2356 1188 2452 pugnandum

181 2436 213 2495 in
237 2452 311 2506 eoS,
340 2455 421 2516 quos
443 2436 535 2498 bonis
557 2439 711 2520 malisque
740 2439 855 2498 nostris
884 2459 939 2498 sua
961 2437 1028 2498 dies
1054 2437 1187 2498 exemis-

181 2525 236 2574 set
281 2509 363 2572 Sane
385 2529 515 2596 praeter
540 2519 615 2578 alias
643 2517 820 2578 Memnonis
847 2517 983 2578 virtutes
1006 2517 1099 2576 etiam
1120 2537 1187 2577 mo·

182 2593 305 2654 deratio
328 2593 394 2653 eins
420 2594 546 2678 insignis
567 2597 639 2658 fuit.
680 2601 728 2658 Ne
754 2616 794 2656 ue
817 2597 901 2656 enim
921 2617 982 2677 per
1004 2595 1188 2658 vecordiam

183 2669 334 2734 conviciis
356 2673 503 2736 insectari
524 2677 650 2739 hostem
671 2620 840 2770 puliihrum
863 2675 1025 2752 ducebat3
1047 2675 1103 2735 sed
1126 2675 1187 2735 vir·

180 2763 250 2812 tute
282 2760 315 2812 et
349 2756 485 2816 consiliis
522 2758 605 2818 vires
639 2757 723 2816 illius
758 2753 942 2836 animosque
976 2753 1186 2818 contundere.

183 2833 284 2916 Igitur
305 2832 353 2914 ¹⁵)
379 2854 452 2898 eum
474 2836 642 2924 aliquando
663 2835 695 2896 in
715 2833 838 2920 agmine
861 2830 1022 2919 quendam
1043 2854 1083 2896 ex
1103 2854 1187 2896 mer·

183 2995 355 3009 -u-—n—-OE

253 3115 278 3147 rr
313 3098 543 3164 Diodor.17,23.

253 3179 284 3218 12
318 3166 425 3220 Arrium
447 3173 569 3232 1,7,13.

254 3247 284 3296 13
314 3234 405 3283 lustin,
425 3235 451 3299 6,
469 3236 495 3296 6,
513 3249 539 3298 9.

253 3299 294 3367 il)
318 3301 428 3350 Diodor.
451 3317 488 3365 ις,
510 3304 552 3353 25.

249 3369 288 3437 ¹5)
307 3368 438 3418 Plutarch.
460 3369 629 3437 apophthegg
659 3390 681 3422 c.
701 3379 740 3429 12.
