2636 3860
64 2101 67 2107 .
158 2049 331 2132 quidquam

185 301 217 352 10
551 289 808 346 assemanum!

181 442 308 527 qnidam
351 453 450 518 utant,
471 442 509 504 ad
533 442 640 504 vinum
662 437 694 514 6)
716 442 859 524 iramque
878 441 1064 524 proclivior.
1106 445 1178 510 Vis-

179 535 276 598 untur
297 546 324 586 ar
361 543 400 584 uc
420 523 570 606 imagines
591 521 659 584 eius
682 533 888 604 statuaeque,
912 543 1108 586 summorum
1130 548 1178 588 ar-

178 601 298 665 tificum
319 623 435 687 opera:
470 625 511 666 ne
532 603 615 671 euim
638 600 668 682 ⁷)
694 603 874 686 vulgarium
894 602 1093 684 sculptorum
1112 607 1178 688 pic·

177 695 327 746 torumve
349 685 527 746 temeritate
548 683 613 745 oris
633 683 684 744 sui
704 681 809 744 bonor
830 682 1058 763 obsolesceret,
1079 687 1178 748 studi-

177 782 233 826 ose
262 765 359 840 cavit3
423 784 533 826 cenam
558 764 780 842 comminatus,
816 763 843 822 si
871 763 940 848 quis
970 763 1090 826 iniussu
1117 788 1175 828 suo

175 856 355 906 conaretur.
394 785 483 928 Ergo
505 843 683 924 abundante
714 858 782 906 tum
803 841 961 906 artificum
983 846 1093 928 copia,
1119 867 1176 908 vo-

172 923 292 986 lentem
320 947 400 986 unus
428 927 455 988 A
482 925 558 986 elles
579 923 696 1006 pinxit,
725 923 855 1006 sculpsit
882 925 1087 1006 Pyrgoteles,
1114 929 1174 1007 Ly-

173 1004 281 1086 sippus
304 1017 337 1067 et
363 1005 446 1085 Poly
498 1017 548 1064 tus
568 1024 643 1065 aere
670 1003 838 1071 duxerunt.
879 1004 1064 1067 (litationem
1084 1027 1173 1089 gres·

171 1104 242 1146 sum
256 1085 419 1148 Leonidae
437 1085 546 1148 vitiam
566 1083 683 1161 fuisse,
707 1084 818 1146 ferunt
840 1079 889 1163 ll);
917 1103 957 1146 ex
980 1084 1078 1166 ipsius
1099 1107 1173 1150 con-

170 1165 337 1227 suetudine
366 1164 399 1225 id
428 1164 567 1226 haesisse
594 1159 796 1227 Alexandros
825 1163 914 1250 quod
940 1178 1073 1246 postea,
1100 1188 1172 1228 cum

170 1245 261 1306 enixe
282 1248 392 1322 vellet,
413 1244 499 1308 corri
523 1265 578 1307 ere
598 1264 662 1308 non
681 1245 836 1326 potuerit.
874 1243 1035 1328 Equidem
1057 1247 1172 1310 educa·

168 1324 248 1386 tioni
274 1325 447 1408 plurimum
468 1336 510 1386 trr
535 1325 566 1386 ui
587 1323 727 1400 debere,
753 1345 816 1386 non
843 1324 1002 1401 inliteor;‚
1024 1339 1169 1388 ceterum

167 1402 231 1467 hoc
251 1407 379 1490 quidem
394 1417 525 1468 naturae
545 1404 653 1488 potius
674 1405 895 1480 adolescentis,
916 1426 1010 1489 mam
1031 1419 1170 1468 assuetu-

169 1483 249 1563 dini,
279 1487 416 1570 deputo:
451 1485 569 1560 etenim
595 1481 628 1546 in
654 1484 782 1550 homine
808 1485 1028 1549 velocissimae
1056 1488 1168 1550 mentis

165 1585 331 1628 necessum
349 1579 427 1643 erat,
447 1579 484 1628 ut
505 1565 656 1628 ardorem
669 1566 762 1628 animi
784 1566 930 1649 corporis
951 1566 1045 1628 ctiam
1065 1580 1170 1632 motus

164 1659 366 1730 sequeretur.
409 1647 516 1735 Quem
542 1643 573 1718 9)
594 1645 675 1708 adeo
697 1667 761 1716 noo
784 1647 815 1706 in
835 1646 913 1709 vitio
934 1666 1074 1728 posuere
1099 1669 1168 1709 suc-

165 1745 310 1790 cessores
331 1727 440 1810 ipsius,
459 1738 495 1786 ut
516 1726 608 1788 etiam
628 1725 770 1790 studiose
794 1727 1046 1806 aemularentur3
1074 1729 1166 1789 simul

163 1804 367 1890 depressiore
396 1807 428 1868 in
457 1806 584 1868 laevum
606 1805 691 1878 collo
717 1805 863 1868 obtutum
893 1809 961 1878 eius
991 1807 1165 1870 vibrantem

163 1898 198 1948 et
216 1887 384 1950 elatiorem
413 1907 525 1950 vocem
551 1885 680 1959 imitati,
714 1905 787 1947 cum
809 1887 945 1948 animum
968 1908 1031 1948 non
1062 1891 1165 1971 capri·-

159 1981 302 2030 merent:
343 1987 462 2110 quuppe
491 1966 703 2060 plurimorum
732 1985 772 2028 ex
804 1965 866 2027 illis
894 1967 989 2048 longa
1019 1969 1081 2030 vita
1112 1991 1165 2030 vm

385 2069 401 2108 a
425 2047 472 2108 uit
500 2046 645 2129 (lagoum,
676 2045 765 2130 quod
797 2065 871 2108 cum
897 2046 991 2108 huius
1026 2050 1164 2130 pucritia

157 2140 409 2212 compararetur.
449 2130 562 2212 Neque
585 2125 668 2187 enim
688 2125 862 2210 quidquam
882 2138 936 2188 aut
957 2129 1163 2212 loquebatur,

158 2220 213 2270 aut
240 2207 354 2290 agebat
372 2207 491 2270 humile
499 2230 508 2286 3
539 2206 597 2267 sed
622 2205 714 2268 dictis
736 2205 895 2290 factisque
925 2229 983 2288 par
1011 2208 1163 2270 fortunae

156 2309 242 2365 suae,
264 2289 316 2350 vel
338 2288 431 2351 etiam
452 2307 549 2370 supra
569 2298 647 2347 erat.
689 2289 769 2348 Nam
783 2305 855 2348 cum
877 2300 962 2348 esset
977 2288 1078 2348 laudis
1100 2288 1163 2346 avi-

156 2370 318 2444 dissimus,
338 2388 401 2429 non
421 2369 642 2450 undecunque·
659 2387 729 2428 eam
750 2364 935 2442 affectabat,
953 2367 1010 2446 sed
1031 2366 1159 2448 optimis

155 2451 336 2533 quibusque
364 2447 541 2531 comparari
573 2447 752 2528 gaudebat3
786 2446 955 2528 ingloriam
985 2466 1024 2508 ex
1044 2447 1159 2511 vilibus

154 2531 290 2612 palmam
309 2530 498 2624 intelligens,
518 2538 674 2623 tantoque
697 2529 742 2607 ¹⁰)
758 2526 969 2588 illustriorem
983 2527 1159 2604 victoriam,

151 2623 271 2694 quanto
294 2620 374 2696 quos
400 2611 526 2673 vrcisset
545 2609 647 2690 plurrs
667 2607 876 2674 haberentur.
917 2607 1008 2692 Ergo
1030 2607 1160 2676 dicenti-

162 2747 358 2764 m

215 2815 244 2884 6)
264 2815 398 2867 Plutarch.
420 2815 547 2883 Sympos.
575 2837 598 2882 1,
614 2819 640 2870 6.

128 2884 131 2887 ’
215 2886 241 2952 7)
259 2885 365 2952 Apulej.
388 2888 413 2934 1.
436 2884 537 2934 Florid.
568 2885 659 2936 Horat.
699 2888 778 2955 epist.
804 2894 840 2954 ¹2,
870 2904 893 2939 ι.
922 2889 1054 2942 Himerius
1081 2887 1154 2956 opud

147 2951 227 3002 Phot.
246 2954 314 3003 Plin.
338 2968 362 3019 7,
381 2953 423 3018 37,
442 2954 468 3004 6.
488 2954 530 3017 35,
552 2967 591 3018 ιο,
614 2956 654 3008 25.
671 2955 716 3019 37,
740 2969 762 3019 ι,
786 2971 810 3021 7.
843 2954 941 3010 Cicero
961 2960 1038 3027 epist.
1057 2956 1092 3008 ad
1110 2955 1155 3005 di·
1181 3001 1182 3006 ,

148 3035 238 3152 versgd
256 3021 380 3138 liiclz'nd
398 3089 507 3139 Laetam
537 3091 671 3140 Hincmar.
693 3093 776 3160 epist.
796 3094 821 3156 3,
845 3110 866 3142 ι.
971 3055 973 3060 Ι

209 3154 238 3222 q)
257 3155 390 3207 Plutarch.
409 3157 499 3223 Pyrrh.
517 3176 540 3209 c.
563 3157 603 3224 rlp
618 3169 646 3210 et
662 3160 739 3212 Alex.
764 3177 790 3222 c,
810 3163 839 3213 5.
855 3168 882 3212 ct
900 3159 934 3212 dc
953 3161 1016 3211 fort.
1035 3165 1062 3222 2,
1083 3159 1107 3208 5.
1127 3167 1155 3208 et

142 3223 452 3344 gqppmppcc.lgzqqzm
465 3225 578 3278 Chiliad.
598 3229 623 3294 8,
634 3241 699 3284 Ιπου.
722 3235 750 3295 1,,
761 3228 820 3284 368.
838 3229 943 3318 Victor.
960 3231 988 3278 in
1006 3227 1154 3278 Caracalla.

201 3329 433 3427 '10)rlut.’c.'‹‘›'.
456 3363 542 3416 etde
563 3363 628 3416 loct.
657 3364 736 3418 Alex.
766 3381 791 3432 v,
822 3369 861 3421 aa
881 3374 907 3418 ct
925 3364 1108 3436 epcpbtbegg.
1129 3381 1152 3416 c.

143 3426 185 3478 36.
203 3427 332 3480 Hercdct.
355 3430 380 3495 5,
399 3435 441 3486 22.
