2636 3860
194 297 263 360 XX
509 291 575 370 spu
595 311 625 375 ρ’.
652 310 771 356 cunum
796 311 880 353 noro

284 452 454 528 Et'latcor'
473 454 613 540 quidem,
634 452 836 540 gravissimae
857 460 931 512 suut
948 445 1133 527 Buttmanni
1152 471 1202 524 ra;

140 643 146 650 .
195 560 327 637 tiones,
361 576 466 642 neque
503 569 608 618 tamen
644 555 717 616 illae
754 553 938 635 Zumptium
967 552 1204 626 deterruerunt,

197 663 282 746 »quin
295 659 466 723 accederet
486 660 548 722 illis
569 659 647 745 viris
662 657 776 734 doctis,
798 657 853 740 qui
874 655 1020 720 Curtium
1036 653 1205 735 aequalem
1298 649 1305 664 ’

197 764 342 847 ¹Augusti
361 761 462 823 fuisse
490 760 695 825 contendunt.
735 758 853 845 Igitur,
883 755 1006 818 omissis
1033 753 1205 814 refellendi

196 864 482 944 contentionibus,
504 863 594 947 quod
620 855 671 924 est
690 859 880 936 dolentum,
900 855 1205 940 simpliciter,'quid

199 967 467 1046 .sibivitle1·etur‚
489 961 793 1048 exposuit‘praefat.
814 981 888 1044 pag,
910 959 1016 1022 XXIV
1037 981 1108 1045 sqq.
1130 957 1206 1018 suu

93 1081 96 1086 ’
202 1069 317 1132 'verbis
331 1071 517 1153 loquentem
532 1069 762 1150 producamust
791 1063 823 1142 r)
846 1061 1028 1146 „Equidem
1048 1062 1080 1121 in
1105 1061 1207 1129 Curtii

209 1171 318 1237 verbis
339 1171 417 1232 nihil
437 1171 564 1234 invenio
589 1168 678 1255 quod
702 1189 766 1232 uon
794 1167 834 1230 etl
860 1165 1071 1230 Octavianum
1097 1163 1208 1246 Angue

201 1287 296 1337 -stum
321 1273 446 1336 referri
460 1273 580 1355 possit,
599 1271 769 1350 nonnulla,
788 1275 882 1352 'quae
912 1270 952 1330 ad
985 1267 1077 1329 illum
1106 1264 1208 1326 solum

204 1368 385 1458 pertinent.
413 1374 569 1456 Imprimis
587 1395 641 1437 me
663 1385 773 1436 movet
794 1373 848 1434 illa
865 1369 1056 1455 significatio
1077 1368 1208 1430 invidiae

202 1477 243 1538 -in
265 1477 474 1552 alteratam,
497 1482 586 1554 (nam
605 1477 715 1559 priore
737 1476 791 1554 lV,
812 1483 832 1552 4
852 1474 930 1534 nihil
950 1491 1146 1557 magnopere
1169 1470 1210 1532 ed

214 1599 357 1640 caussam
386 1577 616 1646 diiudicandum
650 1577 832 1661 proficias)
863 1599 945 1662 quae
973 1578 1005 1638 in
1033 1577 1211 1658 principatu

205 1691 327 1746 recens
353 1683 515 1760 instituto,
553 1680 743 1762 compressis
781 1680 937 1741 libertatis
973 1679 1211 1762 recuperandae

211 1785 391 1862 conatibus,
415 1785 522 1848 locum
543 1784 652 1860 habet,
673 1803 735 1843 non
756 1781 854 1843 habet
873 1783 910 1842 in¹
929 1781 1107 1843 inveterata
1127 1781 1212 1862 prim

209 1886 341 1967 -cipibus
365 1885 498 1967 parendi
524 1885 763 1948 cousuetudine.
787 1885 830 1945 Et
849 1874 1100 1946 moderationem
1117 1883 1214 1967 quan·

206 1987 288 2048 ‘dam
314 1987 415 2048 laudis
436 1987 577 2051 iuvenies
597 1987 630 2047 in
649 1985 697 2046 his
719 1987 842 2050 verbist
862 1987 996 2047 Proinde
1016 1995 1079 2048 iare
1094 1993 1215 2046 merito·

210 2109 269 2170 :que
290 2091 411 2170 populus
431 2091 579 2150 Romanus
599 2089 725 2149 solutam
744 2107 775 2148 se
799 2097 999 2171 principissae
1020 2089 1125 2149 debere
1144 2109 1216 2170 pro-

210 2189 341 2271 fitetur,
370 2194 408 2254 ab
437 2192 565 2274 ingenio
592 2193 781 2274 posterioris
812 2193 922 2254 aetatis
939 2193 1095 2267 alienam,
1119 2211 1155 2252 ac
1175 2211 1215 2251 ue

195 2298 286 2356 'utum
306 2293 437 2378 quidem
456 2295 532 2356 satis
551 2293 715 2374 idoneam,
734 2296 767 2357 ni
788 2307 822 2357 et
845 2296 914 2378 ipsa
933 2295 1086 2376 principis
1107 2293 1216 2375 appel.-

112 2383 114 2394 ’
217 2397 293 2460 latio
313 2418 396 2461 nova
415 2396 540 2476 fuisset,
560 2410 594 2461 et
616 2399 808 2462 Octavianus
829 2390 867 2465 ea
887 2397 1021 2460 maxime
1043 2396 1218 2485 rejglorit-

210 2513 269 2564 <tus
291 2513 394 2580 esset,
415 2500 502 2584 quod
516 2512 631 2582 pacato
646 2503 737 2564 orbe
750 2513 910 2564 terrarum
929 2499 1086 2581 populum
1100 2501 1219 2562 Roma·
1304 2507 1305 2516 ’

213 2623 295 2663 uum
311 2614 541 2681 conservasset,
562 2603 657 2686 eique
677 2603 811 2664 salutem
826 2603 993 2668 attulisset.
1018 2607 1098 2664 Esse
1113 2599 1219 2664 autem

212 2701 392 2784 „gloriatum
412 2705 499 2765 numi
517 2714 695 2780 testantur,
729 2702 845 2787 quibus
873 2709 1061 2791 inscriptum
1092 2719 1141 2769 est
1164 2709 1221 2768 Se»

213 2807 265 2866 -lus
284 2812 400 2882 generis
413 2807 558 2876 humani,
582 2815 616 2866 et
636 2806 670 2871 S.
690 2807 729 2868 P.
751 2808 786 2888 Q.
807 2809 846 2875 R.
864 2813 993 2873 Parentt'
1013 2813 1222 2874 Conservatori

214 2931 284 2970 sno·
327 2907 412 2973 Vide
438 2905 586 2982 Ertha,
605 2907 709 2978 doctr.
739 2931 824 2972 num.
853 2923 933 2980 vett.
975 2917 1068 2978 Tom.
1103 2912 1161 2975 Vt·
1188 2931 1222 2992 p.

215 3015 289 3076 :108
310 3021 344 3071 et
371 3009 438 3076 113.
463 3011 507 3069 Et
527 3009 687 3090 aptissime
707 3028 783 3073 sene
804 3013 958 3092 Hirtium,
980 3006 1063 3098 quae
1084 3014 1152 3075 eius
1174 3024 1225 3074 est

227 3112 391 3185 recondita
405 3113 561 3194 doctrina,
580 3115 894 3200 admonuisse-puto,
915 3125 1010 3178 noctis
1032 3106 1226 3180 commemo·

221 3219 350 3299 ratione
372 3217 518 3280 Curtium
549 3218 654 3282 videri
681 3220 721 3282 ad
750 3219 954 3287 obfuscatum
983 3219 1059 3282 solis
1087 3220 1226 3281 nitorem

225 3333 264 3382 'et
284 3320 451 3404 caliginem
474 3321 677 3402 nebulosam,
704 3335 774 3386 toto
802 3324 858 3406 illo
881 3343 982 3401 anno,
1016 3341 1080 3406 quo
1109 3325 1226 3386 Caesar
