2636 3860
191 373 225 430 16
549 367 570 420 l.
596 363 812 421 FllElNSllEldll

187 539 282 591 orum
302 515 351 592 ¹⁰)
369 513 521 600 querelas
541 510 708 578 fallacibus
732 513 1048 600 argutiiseluderet:
1073 515 1190 579 deinde
1286 583 1288 588 ,

186 601 328 682 utrique,
351 598 379 658 ai
399 611 476 657 vera
497 616 579 680 quse
604 596 812 658 deferrentur
827 597 1049 678 comperisset,
1071 598 1192 660 malum

187 683 336 744 minatum
359 696 442 754 esse,
466 686 529 736 tam
550 677 732 740 vehementi
754 679 863 754 vultu,
889 683 925 737 ut
946 677 1000 737 diu
1022 689 1097 760 post
1118 679 1198 740 eius.

186 760 361 836 interitum,
382 773 455 818 cum
475 753 563 818 l'orte
579 757 765 834 Cassander,
785 769 854 818 tum
874 775 985 818 rerum
1006 758 1037 818 in
1056 759 1192 820 Graecia

187 852 320 923 potens,
347 837 513 930 imaginem
535 837 709 898 Alexandri
733 837 878 932 Delphis·
896 838 1032 918 positam
1052 837 1192 900 intuere·

188 935 254 997 tur,
274 929 445 980 revocatus
466 938 497 978 m
518 913 655 1000 periculi
675 919 726 978 sul
744 939 941 994 memoriam,
960 929 1031 980 toto
1052 938 1192 1013 corpore

187 997 402 1064 cohorruerit·
445 997 537 1138 (puae
566 1018 619 1060 res
647 999 813 1074 Aristoteli
827 999 935 1072 letiam
963 1019 1095 1080 magnae
1116 997 1193 1059 mlh·

189 1081 270 1142 miae
305 1075 431 1140 occasio
473 1079 538 1143 'uitt
567 1078 688 1161 quippe
714 1099 890 1153 venenum,
926 1095 991 1162 quo
1013 1079 1194 1140 Alexander

188 1160 324 1244 periisse
344 1156 485 1220 creditus
506 1170 568 1233 est,
590 1180 653 1220 non
675 1158 806 1220 alterius
827 1158 953 1241 ingenio
967 1161 1111 1243 equinae
1135 1179 1193 1220 un·

190 1241 285 1324 gulae
318 1238 450 1299 inditum
478 1250 511 1299 et
535 1238 731 1319 Babylonem
759 1237 982 1321 deportatum,
1012 1259 1125 1300 rumor
1143 1257 1196 1300 eu·

190 1322 332 1404 apicatue
345 1324 403 1379 est.
444 1318 612 1380 Adamavit
622 1331 657 1388 et
678 1320 839 1396 musicam,
857 1319 950 1404 eique
970 1320 1085 1381 seriam
1105 1319 1196 1384 initio

190 1419 324 1484 operam
347 1397 452 1460 dedit:
481 1398 584 1462 donec
616 1399 847 1464 contumeliosa
868 1400 1120 1484 interrogatione
1140 1419 1196 1480 pa·

196 1482 275 1551 tris,
302 1477 419 1562 ecquid
447 1480 587 1561 puderet
614 1491 678 1541 tam
704 1481 784 1542 acite
811 1479 949 1564 canere?
986 1481 1075 1543 volut
1094 1490 1196 1542 artem

191 1580 269 1625 suae
290 1559 444 1620 maiestati
464 1557 666 1630 indecoram,
688 1559 899 1644 negligentius
919 1573 1057 1626 tractare
1077 1559 1198 1643 eoepit.

193 1644 269 1736 Quo
295 1640 426 1725 quidem
445 1649 593 1721 tempore
614 1641 766 1724 magistro
795 1641 950 1704 chordam
978 1639 1134 1726 quandam
1155 1659 1196 1701 ex

193 1720 491 1815 er·t1s·praesci·ipto
511 1721 641 1801 pulsare
661 1719 802 1798 iubenti,
832 1723 911 1806 quid
931 1734 1037 1784 autem
1058 1721 1199 1796 referat,
1303 1699 1317 1782 J

194 1804 309 1886 inquit,
330 1800 358 1861 ai
377 1799 458 1860 hanc
481 1800 677 1882 pulsavero?
703 1802 735 1862 in
757 1803 847 1864 aliam
867 1803 1033 1864 intendens
1054 1802 1199 1884 digitum.

197 1885 242 1945 At
263 1882 328 1960 ille,
349 1880 426 1941 nihil
440 1883 568 1942 referre
588 1881 691 1943 l'uturi
712 1883 808 1965 regis,
830 1882 931 1944 littori
957 1895 1061 1944 autem
1084 1880 1200 1942 cithar-

200 1962 276 2025 oedi
297 1959 437 2039 referre,
457 1959 633 2043 respondit.
675 1963 863 2033 Delectatus
881 1963 1031 2041 deinceps
1055 1971 1104 2030 est
1121 1981 1201 2020 mas·

198 2043 273 2104 culo
301 2051 412 2118 cantu,
450 2061 521 2101 cum
549 2042 663 2108 molles
691 2040 808 2102 li‘actas
833 2063 875 2102 ue
904 2040 1137 2102 modulationes
1163 2049 1202 2100 ut

198 2121 376 2206 perniciem
405 2141 531 2182 morum
559 2135 768 2183 aversaretur.
810 2064 885 2210 Quo
914 2121 1041 2184 nomine
1065 2119 1201 2181 maxime

197 2203 360 2285 amplexus
389 2213 437 2264 est
459 2201 677 2280 Timotheum,
705 2203 780 2274 artis
810 2213 878 2266 erus
898 2200 1097 2284 professione
1118 2199 1202 2263 cele·

198 2285 300 2345 brem.
349 2281 406 2344 Ille
436 2283 536 2352 enim,
580 2283 818 2344 accommodata
851 2283 891 2344 ad
923 2282 1085 2364 ingenium
1117 2280 1201 2342 illius

106 2402 112 2414 ·
199 2363 341 2440 scientia,
360 2361 469 2438 modo,
490 2382 586 2446 quem
607 2361 782 2446 Phrygium
807 2363 977 2446 appellant,
998 2363 1042 2424 ita
1063 2361 1203 2446 aliquan·

199 2444 242 2508 do
264 2465 337 2506 eum
357 2443 473 2526 rapuit,
492 2455 528 2504 ut
546 2454 695 2526 tanquam
716 2443 823 2507 divino
845 2443 995 2506 instinctu
1015 2443 1201 2504 exardesce·

200 2537 253 2595 ret
273 2525 376 2587 animo
398 2536 441 2600 et,
461 2524 552 2586 velut
571 2525 754 2609 propinquo
775 2527 835 2588 iam
856 2525 964 2601 hoste,
985 2524 1025 2586 ad
1046 2546 1131 2585 arma
1153 2541 1203 2582 oa·

223 2605 316 2666 ienda
345 2603 518 2686 prosiliret
563 2605 775 2688 Eloquentiae
803 2607 896 2670 etiarn
924 2606 982 2666 suh
1009 2603 1203 2666 Anaximene

200 2628 416 2765 hampsaceno
438 2683 574 2745 studuit:
602 2707 760 2767 quaeres
782 2688 988 2766 postmodum
1008 2683 1204 2747 incolumita-

201 2775 269 2826 tem
295 2761 368 2822 urbi
400 2763 526 2839 attulit,
561 2781 634 2824 cum
665 2767 835 2826 Persarum
871 2767 987 2847 opibus
1020 2766 1204 2827 studentem

202 2841 384 2914 Alexander
405 2841 535 2904 diruere
556 2843 781 2910 constituisset.
811 2846 1030 2930 xconspicatus
1055 2845 1100 2925 ¹¹)
1122 2843 1204 2904 enim

213 2981 429 3002 W

275 3047 319 3116 10)
335 3046 406 3099 Plut.
428 3046 529 3101 c.126.
548 3043 625 3099 cur.
646 3059 748 3115 10,10‚
770 3049 809 3101 16.
828 3052 898 3103 Plut.
924 3051 1022 3104 Pericl.
1041 3066 1065 3100 c.
1087 3063 1110 3104 a·
1133 3045 1204 3096 Gre-

206 3132 285 3186 goraa
303 3116 350 3167 lib.
368 3131 395 3182 9.
423 3115 526 3168 Aelian.
541 3130 609 3169 rarr.
628 3116 690 3168 hiat.
706 3120 734 3181 3,
759 3121 800 3173 32.
818 3119 870 3171 Dio
892 3119 984 3187 Chrys.
1007 3123 1075 3168 orat.
1105 3133 1114 3166 r
1137 3121 1164 3164 et
1180 3129 1205 3168 a.

207 3185 303 3238 Suidas
318 3200 341 3234 v.
357 3177 475 3253 Ίὶμόθ.
493 3185 595 3237 Erasm.
610 3185 735 3254 adagpu
749 3187 837 3239 Durio
849 3187 888 3238 ud
904 3181 1065 3254 Phrygium.
1083 3185 1154 3234 Plut.
1171 3181 1205 3232 de
1316 3263 1317 3268 Ἰ

207 3273 270 3324 turi.
288 3263 365 3316 Alex.
381 3281 406 3330 π,
424 3263 450 3330 4.
766 3293 768 3296 -

276 3349 320 3417 ιι)
339 3350 452 3400 Pausan.
467 3342 514 3394 lib.
536 3344 564 3397 6.
589 3343 680 3396 Valer.
693 3345 764 3398 Max.
782 3362 808 3414 7,
825 3345 851 3412 3,
867 3341 894 3409 4.
912 3339 1006 3394 Suidar
1022 3353 1045 3388 v.
1062 3323 1206 3402 Ἀναξιμ.

209 3424 341 3478 Athenae.
358 3423 381 3474 l.
398 3421 436 3472 13.
452 3421 503 3472 llio
521 3419 657 3487 Clirysost.
676 3429 745 3472 orat.
763 3436 787 3476 ι.
806 3420 941 3472 Plutarch.
960 3436 984 3470 c.
1002 3425 1028 3478 6.
1050 3431 1077 3474 et
1093 3413 1127 3464 de
1142 3411 1206 3460 sort.

166 3493 167 3501 ’
209 3494 285 3546 Alex.
305 3507 329 3549 t.
356 3489 472 3558 Quintil.
498 3502 523 3556 a,
547 3503 589 3555 ao,
615 3491 638 3542 5.
658 3489 759 3540 Vitruv.
778 3490 864 3554 praes.
894 3488 940 3537 lib.
970 3503 995 3542 α.
1019 3485 1129 3543 Luciau·
1156 3499 1207 3556 pro
