2660 3864
385 361 500 416 sUPPt.
519 359 556 421 m
578 362 612 430 Q.
631 359 791 414 suarum
810 363 840 412 c.
858 361 880 411 1.
1100 365 1134 418 m

117 507 288 590 erumna,
309 506 492 590 praefectos
507 504 728 586 Macedonum,
750 507 805 592 qul
819 505 989 569 Cadmeam
1009 507 1134 570 obtine-³

118 576 213 665 hant,
240 607 313 649 eum
333 587 419 648 nulla
441 586 506 647 doli
527 587 709 726 suspicione
731 599 821 648 extra
843 607 949 648 arcem
970 587 1134 727 progressi

121 681 244 740 essent,
271 667 486 728 obtruncant:
524 667 589 729 civi
611 687 648 726 us
677 665 717 726 ad
744 667 925 748 speciosum
952 668 974 726 li
998 667 1134 729 eundae

119 750 243 831 patriae
273 747 400 807 titulum
434 758 564 806 strenue
588 745 618 824 ’·)
642 745 918 822 concurrentibus,
942 749 1134 828 praesidium

121 827 290 901 obsident;
313 837 347 886 et
368 827 487 906 duplici
509 827 593 887 vallo
615 823 783 908 fossaque,
804 845 845 886 ne
867 837 1060 888 commeatus
1081 840 1136 887 aut

122 909 236 970 auxilia
266 905 411 967 submitti
438 917 585 987 possent,
614 905 821 986 circumdant.
863 906 991 986 Legatis
1018 906 1134 968 deinde

119 987 301 1070 supplicum
322 983 434 1050 habitu
455 985 576 1046 circum
599 984 743 1045 civitates
764 984 918 1046 Graeciae
940 985 1041 1045 missis
1066 1007 1135 1047 ora·
1165 1029 1167 1034 -

120 1067 205 1142 hant,
226 1087 267 1127 ne
289 1065 403 1126 deesse
425 1065 546 1125 vellent
565 1065 693 1145 indigne
716 1078 858 1158 ereptam
881 1064 1062 1126 libertatem
1084 1087 1136 1127 re-

120 1147 314 1229 petentibus.
354 1146 397 1205 Et
417 1144 655 1205 lslomosthenos
678 1142 709 1216 ⁴)
732 1146 862 1228 quidem
888 1145 992 1205 veteri
1015 1145 1046 1204 in
1070 1147 1135 1206 Ma·
1190 1185 1193 1194 -

122 1227 261 1290 cedenac
283 1224 358 1286 odio
381 1225 591 1298 Athenienses
611 1226 782 1304 permovit,
804 1238 840 1284 ut
868 1225 982 1284 auxilia
1005 1246 1136 1306 promp-

121 1319 155 1369 te
184 1305 406 1382 decernerent.
454 1305 549 1362 Missa
576 1315 682 1362 tamen
711 1323 775 1363 non
801 1315 893 1378 sunt,
928 1304 1002 1385 quia
1028 1304 1134 1364 subito

120 1383 295 1448 Alexandri
325 1382 464 1442 adventu
491 1379 648 1461 perculsis
676 1381 887 1460 exspectanda
917 1382 1067 1442 fortunae
1087 1383 1135 1441 in-

13 1469 19 1482 '
121 1465 248 1529 clinatio
283 1460 463 1523 videbatur.
526 1458 761 1520 Demosthenes
798 1460 929 1541 privatis
969 1460 998 1538 ⁵)
1036 1463 1134 1542 copiis

121 1545 293 1606 Thebanos
314 1538 453 1615 adiuvit,
467 1559 679 1621 magnumque
695 1558 855 1600 armorum
877 1560 1045 1599 numerum
1066 1561 1135 1620 gra-

120 1626 161 1686 tis
203 1618 467 1682 subministravit:
509 1618 625 1702 quibus
659 1619 851 1698 perarmati,
891 1619 946 1702 qui
984 1619 1134 1712 Philippo

122 1704 283 1766 adimente
305 1718 360 1758 sua
383 1700 569 1774 amiserant,
601 1698 760 1763 Cadmeae
781 1699 994 1779 praesidiariis
1017 1711 1135 1759 acriter

122 1783 314 1845 institerunt.
356 1779 667 1867 Peloponnesiorum
696 1776 782 1836 haud
798 1778 938 1840 invalida
965 1797 1073 1838 manus
1095 1777 1135 1838 ad

65 1926 72 1940 ,
121 1863 274 1925 Isthmum
311 1868 514 1919 convenerat.
571 1857 623 1916 Ad
650 1856 688 1937 f³)
725 1876 806 1938 quos
841 1875 913 1918 cum
948 1857 1134 1942 Antipater,

44 1987 46 1992 -
122 1963 220 2028 quem
239 1936 384 2015 interim,
413 1939 489 1999 dum
517 1936 663 2013 abesset,
699 1936 906 1998 Macedoniae
922 1938 1135 2026 'praefecerat

122 2045 198 2098 rex,
227 2020 367 2080 misisset
389 2019 542 2099 petitum,
577 2037 617 2086 ne
646 2027 758 2079 contra
786 2036 954 2077 commune
981 2017 1134 2078 Graeciae

122 2103 289 2164 decretum
326 2117 397 2158 cum
427 2097 584 2179 professis
618 2095 794 2156 Alexandri
825 2096 970 2156 hostibus
1005 2097 1136 2158 consilia

122 2183 313 2259 miscerent,
339 2177 539 2238 nihilominus
569 2175 795 2236 Thebanorum
824 2188 970 2237 oratore-s
1001 2177 1135 2237 admise-

122 2273 206 2322 ruut.
249 2261 394 2340 Cumque
415 2258 532 2338 vulgus
561 2255 695 2316 militum
723 2255 944 2315 misericordia
964 2275 1134 2346 permove-

125 2353 227 2415 retur,
249 2339 313 2398 dux
338 2357 451 2396 eorum
472 2335 610 2413 Astylus,
635 2339 734 2394 Arcas
757 2353 886 2414 genere,
908 2354 1012 2393 moras
1026 2345 1150 2394 necte-x

123 2419 195 2494 bat,
221 2439 285 2477 nou
314 2427 377 2476 tam
406 2414 525 2492 incepti
551 2411 741 2472 dillicultatc
768 2413 918 2488 territus,
952 2432 1047 2493 quam
1073 2432 1135 2492 per

123 2499 297 2568 avaritiam,
317 2505 353 2553 ut
373 2515 390 2552 a
410 2490 631 2551 festinantibus
655 2502 688 2550 et
710 2491 899 2550 necessitato
908 2491 1012 2550 anxiis
1035 2493 1133 2550 maius

123 2575 316 2656 stipendium
346 2571 517 2650 acciperet.
557 2571 681 2629 Decem
700 2570 818 2628 talenta
841 2569 1074 2649 poscebantur:
1096 2591 1134 2629 ea

125 2675 199 2717 cum
220 2649 364 2711 'l'hebani
383 2670 447 2710 non
470 2650 678 2718 conficerent,
703 2670 720 2708 a
742 2649 965 2710 Macedonicae
986 2649 1133 2711 factionis

123 2731 305 2795 hominihus
327 2728 435 2792 oblata
456 2739 536 2804 sunt,
557 2740 593 2790 ut
614 2729 805 2823 quiesceret.
845 2729 890 2787 lta
914 2728 954 2788 dc
971 2729 1132 2790 Arcadum

125 2809 247 2875 auxiliis
269 2807 495 2872 Thebanorum
515 2828 589 2892 spes
616 2831 647 2870 m
671 2806 804 2870 nihilum
828 2808 952 2870 recidit.
993 2809 1078 2870 Alias
1102 2811 1132 2889 ⁶)

134 2943 328 2958 ...ι--σ--ικ--ι

37 3061 45 3072 ·
195 3035 224 3105 3)
241 3033 354 3088 Diodor.
378 3053 416 3104 η,
436 3045 462 3097 8.
481 3038 590 3092 Arriae.
610 3047 636 3106 1,
651 3045 680 3108 3,
700 3051 741 3091 ιο.
762 3039 889 3094 Dinarcb.
915 3038 973 3090 adv.
992 3039 1132 3091 Demosth.

125 3122 153 3174 p·
173 3109 226 3160 ¹51.
245 3105 288 3156 ed.
308 3107 392 3166 cem.

194 3171 210 3236 4
240 3171 354 3224 Diodor.
377 3189 419 3240 17,
437 3175 462 3226 8.

194 3242 208 3292 5
240 3242 379 3296 Plutarch.
399 3243 538 3294 Demostb.
559 3260 581 3294 c.
599 3243 723 3300 doctrin
738 3242 771 3295 Χ.
787 3240 872 3292 Oratt.
892 3242 921 3306 8,
938 3258 964 3308 9.

192 3307 218 3370 *J
238 3309 364 3361 Dinarch.
387 3311 446 3362 adv.
463 3311 601 3362 Demostb.
623 3329 648 3378 p.
678 3312 720 3364 152
746 3309 789 3360 ed.
808 3311 891 3359 Bekk.
911 3308 1025 3360 Diodor.
1048 3327 1087 3377 17,
1107 3310 1131 3362 ⁸.

192 3376 210 3426 6
241 3378 380 3429 Plutarch.
400 3380 427 3428 in
447 3379 502 3427 vitt.
511 3381 543 3427 X.
565 3380 654 3430 Oratt.
673 3397 704 3442 u,
725 3393 749 3426 a.
768 3377 894 3427 Dinarcb.
914 3378 972 3426 adv.
991 3377 1131 3430 Demosth.

130 3443 150 3491 l.
169 3444 188 3494 l.
221 3445 300 3494 ustie.
321 3462 351 3510 n,
369 3463 394 3512 s,
416 3463 440 3512 7.
464 3447 568 3498 Arriae.
589 3465 606 3498 ι.
624 3449 650 3511 3,
672 3449 732 3497 iet
749 3445 775 3497 8.
794 3443 904 3496 Psuian.
922 3446 970 3496 lib.
988 3459 1014 3509 9.
