2660 3864
188 354 222 408 50
306 333 308 336 ’
561 341 583 396 l.
601 337 821 400 rnsssststtttsst
924 356 931 394 t

188 492 331 564 bertntis‘
343 481 469 572 tempus
491 487 655 555 advenisse
675 487 830 563 dictitans,
853 487 930 553 dum
949 490 1195 572 mperrimarnm

186 571 445 655 gentiumarmis
467 569 649 632 Alexander
671 581 759 632 trane
779 571 893 630 lstrnm
914 570 1118 652 attineretur,
1139 591 1196 652 po·

160 654 316 894 fl&
345 651 385 712 nd
407 671 494 712 arma
515 650 668 732 capienda
688 649 829 730 impulit,
855 648 928 710 inita
949 651 1104 712 societate
1125 671 1196 710 cum

220 731 320 792 lancia
344 751 422 811 rege
450 731 646 824 lllyriorum,
675 729 730 813 qui
751 728 908 792 Taulantii
928 741 1097 791 vocantur.
1132 732 1196 790 Αιι-,

203 812 321 870 nriatac
349 811 408 870 alia
431 821 517 871 natro
540 810 602 878 iter
623 809 782 872 facientes¹
798 808 989 873 Maccdonas
1011 811 1197 892 aggressuri

188 891 327 953 fuerant:
349 889 406 950 sed
426 893 492 952 Lan
516 909 608 965 arus,
628 889 844 972 Agrianorum
863 909 938 965 rex,
958 889 1141 950 Alexandro
1162 887 1196 948 li·

188 971 259 1040 dus,
280 969 389 1050 petiit,
418 980 454 1029 ut
474 910 665 1040 silicernus
686 989 755 1031 eam
776 968 994 1048 permitteret:
1018 989 1089 1030 sese
1110 969 1196 1029 domi

189 1069 302 1112 eornm
329 1059 449 1109 tantum
469 1047 590 1128 negotii
609 1047 685 1129 ipsis
706 1060 973 1137 comparaturum,
997 1059 1034 1109 ut
1061 1049 1195 1108 animum

188 1151 206 1190 a
226 1127 374 1199 vexandis
400 1126 629 1188 Macedonibus
654 1127 694 1188 ad
715 1147 771 1194 sna
795 1127 913 1194 tuenda
937 1128 1125 1190 conversuri
1149 1150 1197 1190 es·

188 1219 267 1270 sent.
311 1207 533 1278 Collaudatnm
548 1206 702 1289 donisque
712 1249 714 1254 -
726 1206 892 1288 magnifiee
913 1208 1034 1268 cultum
1049 1209 1197 1270 iuvenem

189 1286 306 1348 dimisit
321 1291 411 1361 'rem
453 1285 547 1356 etiam
577 1287 697 1354 scions
710 1329 712 1336 ι
725 1286 830 1367 Cynau
865 1287 991 1368 nuptias
1024 1288 1197 1369 pollicitus,

188 1388 282 1450 quam
304 1385 344 1426 ex
367 1367 405 1431 ΙΙΙ
426 1366 474 1429 ria
501 1366 635 1434 muliere
657 1379 839 1448 susceptam
859 1369 1012 1446 Amyntae
1039 1368 1071 1428 in
1090 1369 1197 1429 matri·

188 1446 328 1507 moninm
355 1388 490 1508 dederat
510 1458 613 1526 pater.
655 1449 700 1506 Et
719 1447 876 1529 Agrianos
903 1447 947 1526 ¹¹)
973 1447 1102 1531 quidem
1122 1469 1197 1530 pro-

188 1527 312 1589 missam
339 1543 470 1604 operam
496 1526 673 1606 praestitit3
694 1525 753 1586 sed
770 1527 897 1590 ¹morbo
922 1539 1127 1610 correptum,
1158 1548 1197 1588 ne
1252 1564 1274 1602 χ

187 1617 282 1686 pacta
295 1603 447 1677 mereede
461 1603 638 1682 frueretur,
658 1604 751 1670 brevi
770 1619 942 1684 consecuta
956 1627 1043 1668 mors
1064 1628 1197 1690 praeve-

188 1685 242 1744 nit
267 1685 313 1757 Ita
335 1683 482 1752 cohibitis
507 1685 688 1761 Antoninus,
710 1685 777 1749 sine
792 1688 964 1750 certamine
981 1687 1108 1748 Pelium
1125 1709 1196 1770 pem

189 1775 399 1840 ventumnest,
421 1765 623 1827 Dessaretiae
638 1765 802 1847 oppidum,
820 1767 980 1828 Eordaieo
1001 1765 1121 1828 {lumini
1142 1769 1197 1827 im·

188 1843 319 1906 minens.
337 1841 486 1923 Speciem
494 1865 633 1926 pugnam
643 1847 857 1926 expetentium
870 1845 1068 1927 praebebant
1079 1846 1196 1918 hostes,

111 1914 148 1992 ἱ
189 1935 222 1983 ct
249 1922 336 1990 velut
355 1944 465 1994 manns
487 1925 668 1988 conserturi
684 1938 773 1992 extra
793 1927 953 2004 praesidia
966 1945 1022 1984 sna
1040 1923 1197 1984 ferociter

188 2013 431 2082 procurrerant.
469 2003 535 2066 sed
556 2005 741 2086 priusquam
764 2004 923 2084 proelium
945 2003 1099 2064 committi
1122 2021 1195 2083 poss

188 2093 247 2158 set,
268 2080 477 2163 resugerunt3
503 2083 581 2144 licet
601 2095 783 2164 opportuna
803 2084 889 2156 loca,
910 2081 1063 2166 silvisque
1084 2093 1117 2142 et
1131 2081 1195 2144 cola

188 2159 271 2223 libus
303 2161 457 2242 impedita
490 2163 737 2245 praecepissent.
778 2161 925 2222 Foedum
953 2161 997 2222 ibi
1031 2173 1196 2241 spectacm¹

189 2243 255 2302 lum
277 2242 487 2311 Macedonum
512 2242 612 2305 oeulis
634 2241 795 2305 obiectum
823 2251 880 2300 est.
921 2244 1002 2302 Tres
1022 2243 1125 2321 pueri,
1147 2253 1196 2303 toa

188 2322 353 2404 tidemque
404 2322 509 2384 uellae
536 2341 608 2384 cum
635 2319 738 2386 tribus
759 2319 858 2400 nigris
884 2320 1036 2382 arietibus
1063 2321 1196 2383 confuse

190 2413 297 2482 strage
318 2342 479 2479 iacebant,
501 2420 582 2483 qnos
602 2399 730 2464 barbari
751 2399 909 2481 sacrilego
931 2420 1022 2463 sacro
1042 2401 1112 2461 Diis
1132 2401 1196 2462 suis

189 2480 449 2555 immolaverant,
477 2501 541 2564 quo
579 2499 624 2560 pu
669 2478 768 2543 atnris
803 2479 964 2540 audaciam
998 2481 1196 2562 inspirarent.

189 2561 255 2622 Sed
283 2559 398 2626 vindex
431 2581 547 2624 numen
575 2500 720 2624 sceibus
746 2558 903 2622 mentibus
923 2579 985 2641 pro
1005 2561 1122 2622 virtute
1142 2581 1197 2622 ve*

163 2623 333 2724 lcordiam
348 2638 469 2705 iniecit.
496 2643 566 2704 Rex
599 2639 682 2702 intra
715 2638 840 2702 muenia
875 2640 1066 2722 compulsos,
1097 2640 1196 2700 ducto

191 2718 353 2788 exteriore
381 2739 476 2783 muru
500 2717 717 2784 intercludere
745 2729 913 2794 statuerat,
941 2740 1014 2781 eum
1040 2719 1196 2803 postridie

192 2819 263 2870 cum
283 2797 405 2877 magnis
427 2798 665 2864 't'aulantinrnm
686 2797 789 2878 copiis
809 2797 955 2862 Glaucias
975 2800 1111 2862 advenit.
1151 2801 1197 2859 lta

192 2898 250 2959 spe
270 2875 444 2960 capiendae
464 2877 554 2937 urbis
574 2876 706 2952 abiecta,
726 2879 890 2960 quomodo
911 2890 982 2941 tuto
1003 2880 1196 2952 discederet,

192 2956 352 3038 cogitabat
409 2957 540 3018 Interim
560 2955 688 3018 Philota
707 2977 780 3018 enm
809 2958 955 3020 iumentis
984 2959 1197 3022 castrensibus

193 3048 225 3096 et
253 3033 413 3116 praesidio
442 3036 585 3119 equitnm
612 3034 843 3098 frumentatum
870 3039 988 3116 misso,
1023 3039 1196 3122 comperit,

193 3135 268 3178 snos
304 3115 336 3175 in
369 3115 550 3178 discrimine
583 3117 709 3182 versari
715 3135 726 3194 3
766 3117 887 3202 qnippe
924 3118 1071 3182 Glaucias
1098 3117 1196 3184 colles

263 3426 305 3496 rr)
325 3427 430 3478 Arrian.
447 3443 466 3494 ι,
484 3441 511 3494 a,
529 3424 544 3482 3
563 3435 591 3482 et
611 3426 637 3479 6.
655 3427 744 3482 Livius
761 3440 805 3494 51,
825 3423 868 3493 40,
887 3442 910 3476 ι.
