2636 3860
172 365 217 430 vl
466 377 511 421 nr
532 379 565 442 o.
586 379 703 424 euram
724 381 810 424 anno

172 522 378 608 relegandum
401 530 581 598 censerent,
600 519 780 594 nummi.
791 518 899 602 Magni
919 518 1081 582 historiam
1102 537 1163 601 pru

171 626 337 709 supposito
366 624 460 688 foetu
488 622 679 694 recentioris
699 621 889 708 eujuspiam
916 620 1082 704 scriptoris
1109 619 1163 680 ha·

170 728 293 806 bentes,
314 728 379 812 qui,
399 727 489 790 felici
506 739 652 791 vetorum
670 725 842 812 imitatione
858 726 1002 788 eximiam
1025 725 1164 788 seriben-

171 829 204 892 di
218 828 403 892 facultatem
423 831 566 913 adeptus,
583 848 663 911 opus
683 849 773 890 suum
793 829 936 891 Romano
958 828 1017 889 sub
1038 826 1164 889 nomine

170 931 332 998 edidisset.
377 935 470 995 Guido
505 934 588 996 enim
618 935 744 996 Putimas
767 931 868 1014 Epist.
910 947 969 1010 27,
1007 950 1089 1016 quae
1115 941 1164 990 est

170 1036 288 1118 scripta
319 1058 347 1102 a.
381 1035 466 1113 1650,
488 1036 644 1120 quendam
672 1058 690 1098 e
718 1036 875 1118 magistris
901 1035 967 1096 suis
993 1032 1097 1095 refert
1116 1032 1163 1092 iu·

169 1137 309 1215 dieasse,
338 1161 390 1220 que
413 1139 440 1199 lc
460 1139 536 1199 livre
557 1140 663 1200 n'e'toit
683 1141 768 1222 qu'un
786 1133 923 1209 Roman,¹
957 1161 1009 1222 quo
1029 1138 1056 1197 le
1070 1137 1163 1217 Lutin

167 1243 392 1304 rarituhlament
412 1262 446 1301 en
467 1243 542 1302 e'toit
563 1243 654 1314 heau,
676 1251 751 1303 muis
780 1244 852 1326 qu’il
875 1251 961 1304 uruit
981 1242 1017 1301 da
1034 1236 1163 1316 grandes

159 1325 267 1422 furtes
281 1342 317 1404 da
342 1344 545 1422 Gs‘ogruphiu;
572 1367 625 1426 que
652 1346 780 1405 l'uuteur
807 1344 843 1404 de
869 1364 901 1406 ue
927 1346 1004 1406 livre
1029 1344 1105 1401 e'toit
1125 1359 1163 1396 un

166 1457 277 1506 suvant
304 1447 436 1514 Italian,
478 1451 527 1527 qui
554 1445 581 1505 le
598 1444 644 1527 fit
664 1447 688 1506 il
706 1467 731 1524 y
750 1468 771 1506 u
790 1453 911 1508 environ
930 1445 990 1509 300
1012 1467 1081 1510 anst
1109 1460 1163 1524 qut

167 1547 218 1606 mel
240 1553 343 1607 unuien
370 1546 486 1607 n’uuoit
510 1549 570 1608 uitu'
590 1547 831 1629 Quinta-Curuo,
860 1562 891 1611 et
918 1573 971 1633 que
997 1550 1099 1609 c’u‘toit
1125 1567 1163 1605 un

170 1668 237 1708 num
255 1651 378 1729 suppuse‘
398 1643 442 1722 2).

245 1750 317 1836 Qua
336 1751 368 1810 in
391 1770 428 1811 re
454 1751 593 1814 omnium
615 1772 744 1829 eomun,
778 1755 834 1836 qui
862 1755 1006 1819 Curtium
1027 1775 1067 1816 ex
1092 1753 1160 1816 uni-

166 1869 263 1912 verso
285 1861 432 1915 veterum
446 1855 638 1938 scriptorum
649 1857 865 1917 Romanorum
886 1855 1161 1940 numerorelega-

165 1973 203 2014 ru
237 1965 334 2038 atque
372 1957 512 2022 eximere
541 1959 748 2044 studuerunt,
788 1955 877 2016 relat
916 1957 1084 2018 antistitem
1106 1951 1160 2018 ¹se

164 2053 314 2136 praebuit
325 2057 403 2121 Dun.
421 2063 517 2127 Guilh,
537 2061 678 2122 Mullorus
701 2058 729 2140 §.
746 2081 791 2124 ιο.
811 2081 857 2126 rr.
876 2079 921 2121 ru.
941 2059 1161 2140 disputationis

166 2155 208 2218 de
229 2158 266 2239 Q
287 2159 407 2241 Curtio,
439 2163 583 2230 Altdorf.
612 2164 696 2228 1083.
717 2172 755 2240 43
791 2163 846 2246 qrri
872 2163 980 2224 locum
1006 2161 1161 2238 historiae

166 2259 208 2321 de
228 2261 320 2328 rebb.
352 2278 432 2348 gest.
460 2267 556 2333 Alex.
588 2266 691 2350 Magni
719 2265 777 2330 lib.
804 2267 851 2343 X,
882 2285 909 2326 e.
935 2283 965 2346 9,
999 2265 1084 2327 unde
1119 2265 1160 2327 de

168 2363 271 2425 Curtii
290 2366 357 2429 vita
379 2367 563 2452 conjectura
582 2365 627 2446 fit,
645 2367 870 2449 interpolatum
884 2379 994 2428 censet
1011 2380 1043 2428 et
1059 2368 1159 2432 verba

165 2466 348 2548 gravissima
370 2469 410 2531 de
432 2493 506 2531 nouo
521 2470 618 2530 sidero
639 2489 708 2530 earn
729 2469 772 2530 oh
797 2490 922 2531 causam
941 2470 1058 2548 inserta
1078 2493 1159 2550 esse,

166 2579 203 2627 ut
222 2571 373 2653 scriptori
392 2572 556 2635 neoterieo
581 2571 753 2634 auotoritas
771 2572 874 2657 aliqua
887 2572 947 2634 hae
962 2573 1030 2654 ipsa
1045 2572 1158 2635 fraude
1218 2599 1220 2610 ·

156 2671 400 2735 'conciliaretum
443 2676 540 2766 Quod
565 2674 693 2756 quidem
720 2685 757 2735 ut
776 2675 947 2756 probaret,
969 2693 1032 2732 non
1056 2672 1159 2732 solum

166 2773 203 2834 de
222 2795 255 2835 eo
278 2775 417 2856 monuit,
451 2776 540 2860 quud
566 2785 616 2834 est
635 2793 766 2855 verum,
792 2775 950 2836 nemirrem
970 2775 1010 2837 ad
1028 2772 1157 2836 hodier-

214 3079 243 3150 2)
264 3079 338 3134 Idem
355 3090 515 3132 censuerunt
533 3083 660 3138 Bodinus
682 3104 707 3140 c.
724 3100 755 3140 ιο
763 3085 884 3139 Methodi
899 3088 1008 3153 Biston,
1026 3087 1073 3139 uhi
1088 3087 1156 3141 Cur·

165 3150 233 3231 tium
249 3150 374 3230 Plotinae
387 3153 616 3220 aequalemiacit,
634 3156 678 3223 qui
696 3157 810 3208 florebat
823 3173 846 3210 a.
868 3157 957 3222 1480.;
976 3163 1055 3224 qdem
1068 3163 1158 3208 tamen
1175 3215 1177 3218 ¹

165 3219 1158 3347 it⁰⁸¹¹³tt¹ti²t'‘i‘tt¹‘³“t¹3{3533⁰it¹¹tdttssittitdiht

165 3302 292 3424 lihprgdhld
308 3324 430 3406 ohaedvvf
439 3305 475 3407 de
488 3309 636 3411 historiapot
647 3359 779 3413 historicis
795 3357 950 3429 (reflexione
961 3359 1156 3426 suri'histoire)

165 3436 195 3490 p.
212 3422 273 3477 233.
292 3433 318 3475 et
331 3423 474 3490 Wgnolius
486 3425 646 3479 Murvr'llius
661 3429 723 3483 Τ.Ι.
735 3431 811 3482 Misc.
828 3430 897 3485 diist.
914 3429 1054 3482 atLiturar
1072 3446 1100 3496 p.
1113 3430 1155 3484 57.
