2636 3860
178 345 211 396 ‘20
545 336 566 386 1.
585 333 823 390 seclusarum

179 487 292 571 inquit,
313 485 452 568 pretium
474 485 575 563 luam;
601 483 935 566 exortuque'omnium
955 484 1036 561 risu,
1062 497 1178 545 conve·

180 569 244 642 nit,
282 580 318 628 ut
348 567 453 630 victor
482 581 598 649 equum
626 577 717 644 patre
746 575 869 624 emente
896 563 1047 640 haberet,
1076 566 1177 625 victus
1205 607 1209 625 ,

180 649 340 709 amitteret
371 647 549 728 pecuniam.
594 649 676 705 Tum
709 645 909 719 Alexander,
942 643 1178 726 comprehensis

181 728 256 811 equi
276 727 418 804 habenis,
440 745 513 788 eum
523 727 571 786 ita
592 725 720 802 statuit,
748 735 784 785 ut
810 723 842 783 in
863 725 1014 785 adversos
1032 726 1110 786 solis
1129 731 1179 784 ra'-

181 810 250 873 dios
272 828 445 870 conversus
472 806 617 867 umbram
639 820 727 865 suam
756 805 946 885 conspicere
967 825 1031 864 non
1050 815 1180 886 posset:

181 910 218 950 ea
239 890 323 950 enim
345 899 435 950 antea
460 889 648 948 exterritum
675 886 778 946 acrius
808 885 970 946 ferocisse
986 883 1179 946 observave-

181 981 246 1029 rat:
272 989 408 1050 cumque
430 968 629 1029 nihilominus
655 977 832 1042 aestuaret,
856 966 962 1024 iubam
983 965 1178 1042 demulcens,

183 1049 309 1110 dimissa
333 1069 374 1108 ue
400 1049 515 1108 sensim
536 1047 718 1126 chlamyde,
739 1046 771 1104 in
795 1046 988 1106 saevientem
1010 1047 1111 1106 adbuc
1133 1047 1178 1105 in·

182 1129 254 1190 silit.
290 1071 347 1188 Ille
373 1127 507 1208 parendi
531 1127 668 1188 insolens
690 1126 849 1186 cervicem
871 1137 904 1185 et
927 1127 1029 1187 calces
1051 1129 1179 1203 iactare,

182 1211 344 1292 multaque
368 1207 548 1289 pervicacia
570 1219 681 1268 contra
701 1204 827 1266 frenum
851 1205 925 1282 niti3
947 1207 1084 1290 denique
1105 1227 1179 1288 pro-

183 1290 291 1370 ripere
313 1307 347 1348 se
370 1289 492 1364 conari,
526 1305 558 1352 et
589 1287 710 1368 ingenti
739 1286 890 1348 violentia
912 1307 1040 1347 cursum
1063 1287 1177 1348 moliri.

184 1369 327 1451 Spatiosa
348 1381 380 1428 et
401 1362 580 1452 equitabilis
585 1367 744 1508 fplanities
766 1366 909 1427 suberat:
930 1389 1008 1450 ergo
1021 1367 1178 1428 ferocien-

184 1463 251 1511 tem
272 1448 543 1531 exsultantemque
565 1469 582 1508 e
611 1448 674 1507 usis
697 1447 730 1506 in
750 1447 868 1508 collum
885 1447 1028 1527 habenis,
1050 1448 1178 1508 adactis·

185 1551 248 1614 que
269 1529 421 1590 calcaneis
442 1549 515 1589 cum
535 1529 654 1610 ingenti
677 1527 814 1588 clamore
842 1527 874 1588 in
902 1529 1178 1610 cuisum‘permit·

186 1615 233 1676 tit.
256 1611 369 1690 Ingens
394 1609 509 1668 deinde
531 1607 633 1690 campi
653 1609 788 1688 spatium
803 1621 946 1686 evectus,
960 1609 1022 1670 iam
1032 1611 1195 1670 lassatum-

177 1703 219 1751 'et
244 1689 415 1750 consistere
448 1690 607 1750 volentem
637 1688 804 1769 impellere
836 1710 900 1750 non
929 1701 1021 1752 antea
1047 1689 1180 1764 desistit,

186 1769 279 1854 quam
302 1767 488 1829 exhaustum
509 1787 605 1829 cursu
626 1781 659 1829 et
680 1769 791 1830 labore
812 1768 966 1830 domitum
988 1771 1180 1830 mansuetio-

185 1873 254 1912 rem
273 1850 334 1910 iam
361 1850 586 1933 mitioremque
613 1849 802 1910 reduxisset.
842 1851 1098 1911 Descendentem
1117 1871 1180 1909 ma-

184 1931 329 1991 nantibus
356 1929 472 2012 gaudio
493 1928 630 1989 lacrimis
651 1931 837 2010 complexus
857 1942 907 1990 est
928 1941 1032 2010 pater,
1055 1931 1181 1990 osculo·

185 2031 248 2094 que
270 2011 364 2090 capiti
378 2009 543 2090 impresso,
563 2009 662 2068 maius
675 2009 848 2090 'imperium
863 2009 923 2069 sibi
934 2009 1180 2089 circumspicere

186 2090 293 2166 iussit,
322 2109 381 2150 nec
408 2090 491 2149 enim
516 2088 719 2150 Macedoniae
741 2107 875 2168 regnum
902 2101 1021 2150 tantam
1041 2088 1181 2150 indolem

186 2189 316 2251 capere.
359 2171 439 2230 Post
468 2169 548 2231 haec
579 2169 623 2249 ¹⁰)
651 2167 866 2249 Bucephalas,
900 2189 973 2230 cum
994 2171 1026 2230 in
1053 2181 1181 2230 ceteros

185 2251 342 2326 lerociem
363 2271 450 2310 suam
471 2251 634 2325 retineret,
655 2251 709 2309 uni
733 2249 915 2313 Alexandro
942 2252 1022 2312 mira
1049 2249 1181 2312 submis-

187 2331 275 2392 sione
295 2332 411 2413 paruit,
431 2332 667 2412 multorumque
689 2349 764 2390 mox
788 2328 935 2394 laborum
957 2345 1052 2416 atque
1073 2331 1201 2392 discri-'

186 2411 304 2472 minum
325 2413 440 2488 socius,
461 2412 492 2471 in
514 2409 637 2493 proelio
660 2410 813 2474 adversus
834 2415 954 2474 Porum
974 2413 1081 2494 periit.
1103 2413 1182 2494 Dig-

187 2487 262 2552 n'um
283 2492 316 2552 id
337 2504 556 2576 argumentum
578 2491 678 2552 visum
700 2504 759 2571 est,
780 2515 845 2578 quo
867 2494 1062 2555 illustrarent
1083 2513 1182 2575 opera

187 2593 244 2632 sua
267 2572 452 2633 nobilissimi
476 2570 623 2637 artifices.
672 2575 760 2636 Duas
793 2574 837 2654 ⁴¹)
869 2595 908 2636 ex
933 2595 1092 2635 marmore
1121 2585 1181 2632 sta·

183 2663 257 2711 'tuas
280 2672 397 2732 equum
417 2651 572 2712 domantis
598 2663 771 2731 ostentant,
796 2655 964 2716 Praxitelis
992 2665 1026 2718 ct
1050 2653 1182 2714 Phidiae

188 2743 358 2795 certamen.
379 2731 552 2790 Alexandri
580 2750 632 2790 eas
656 2733 807 2814 imagines
828 2753 916 2808 esse,
948 2735 1091 2818 quamvis
1120 2755 1183 2794 am-

187 2811 254 2892 bigi
274 2810 383 2892 possit,
405 2822 552 2872 auctores
572 2809 656 2870 haud
677 2811 807 2872 obscuri
826 2814 1043 2880 crediderunt.

266 2891 306 2955 V.
326 2890 384 2950 His
407 2900 502 2972 atque
522 2891 638 2950 talibus
662 2891 779 2973 ingenii
801 2893 958 2978 animique
984 2896 1181 2978 experimen-

187 2972 228 3032 tis
250 2991 320 3034 eam
340 2969 424 3053 apud
447 2971 630 3054 Philippum
647 2972 914 3048 existimationem,
928 2985 1036 3037 nactus
1058 2986 1115 3054 est,
1136 2985 1182 3051 ut,

187 3133 380 3152 Μ

255 3237 298 3306 10)
318 3236 391 3310 Cart.
410 3238 437 3302 6,
456 3238 481 3303 5,
505 3239 544 3295 18.
564 3239 590 3306 8,
611 3241 651 3308 14,
671 3240 713 3308 34.

260 3310 302 3376 ιι)
322 3305 417 3356 Blond.
436 3308 455 3358 l.
478 3323 498 3360 ι.
521 3309 621 3362 Romae
640 3315 808 3362 instauratae.
825 3311 945 3364 Merulae
964 3309 1053 3366 Cosm.
1081 3313 1107 3362 in
1138 3327 1183 3362 re«

189 3375 268 3442 gienc
295 3374 368 3426 urhis
382 3384 463 3426 sexta.
482 3377 543 3427 Ant.
563 3379 685 3431 Lalrerus
704 3381 839 3448 Sequanos
850 3381 943 3434 formis
962 3383 1050 3432 aeneis
1067 3381 1182 3435 excudit.

188 3443 268 3494 llern.
287 3444 418 3496 Gamucci
436 3444 484 3496 lib.
504 3447 518 3496 3
538 3443 734 3500 dell.anticbiti
746 3449 773 3498 di
788 3449 976 3502 Romaltosiu.
988 3453 1110 3522 antiquit.
1125 3467 1147 3520 1,
1157 3457 1182 3506 6.
