2636 3860
375 979 376 984 Ν
593 875 671 949 ua

213 1067 245 1148 J
323 1045 603 1154 exauratam
637 1028 950 1144 uanuscuteta,
1051 1117 1054 1120 -

543 1253 719 1278 -u-ln—-o

140 1461 146 1470 ι
200 1439 201 1442 ’
217 1420 332 1486 Omnia
355 1431 438 1509 quae
459 1437 584 1491 exstant
600 1425 703 1489 Curtii
719 1427 913 1512 exemplaria
926 1427 1138 1512 manuscripta

139 1545 180 1586 ex
200 1539 264 1585 uno
296 1525 478 1609 eodemque
504 1525 638 1610 antiquo
666 1529 841 1612 exemplari
868 1527 1031 1614 descripta
1058 1552 1140 1609 esse,

141 1646 238 1708 supra
261 1627 323 1690 iam
344 1629 526 1691 monuimus
532 1649 542 1706 3
572 1631 606 1692 ia
627 1629 774 1695 omnihus
799 1631 882 1696 enim
902 1633 1035 1695 eaedem
1053 1631 1139 1694 lacu·

138 1749 200 1794 nse
222 1731 443 1812 inveniuntur,
467 1745 500 1795 et
519 1749 558 1796 ea
571 1733 710 1798 omnum
731 1733 953 1815 est'conditia
973 1736 1062 1796 utin
1084 1754 1139 1798 eo·

139 1832 214 1896 alem
238 1832 388 1898 orationis
410 1847 526 1900 tenore
549 1835 609 1896 alia
628 1835 729 1926 serlaa
750 1837 817 1900 aliis
838 1837 927 1922 quasi
948 1835 1140 1898 substituan-

140 1945 212 2012 tur,
236 1933 423 2003 'difficiliora
458 1951 492 2003 et
518 1939 727 2003 insolentiora
752 1940 836 2002 tritis
858 1949 892 2002 et
920 1936 1141 2001 communibus

141 2051 374 2121 permutentur,
395 2042 454 2104 alia
474 2043 652 2125 explicandi
664 2041 761 2106 caiisa
778 2041 974 2120 adiiciuntur,
992 2051 1141 2102 'constru-

141 2140 282 2204 ctionum
308 2145 491 2226 proprietas
529 2143 696 2223 cludatur,
732 2145 835 2209 multa
867 2141 1024 2227 denique,
1059 2161 1142 2225 quae

142 2247 339 2338 germanum¹
360 2245 536 2308 Latinitatis
568 2261 733 2310 auctorem
762 2243 902 2330 sapiant,
928 2243 1142 2326 expellantur,

141 2346 280 2408 inductis
301 2348 498 2433 vulgaribus.
538 2347 641 2430 Igitur
662 2347 850 2428 Zumptius,
878 2361 919 2405 cx
939 2344 1029 2404 cuius
1049 2361 1143 2423 prae·

141 2447 264 2511 satione
284 2448 365 2512 hanc
392 2451 433 2512 tle
458 2447 630 2512 codicibus
658 2460 692 2508 et
712 2444 925 2508 Editioniltus
955 2442 1059 2504 Curtii
1086 2462 1142 2505 no·
1218 2509 1221 2513 ,

142 2550 244 2612 titiam
262 2549 527 2624 transscribimus,
541 2546 694 2610 brevibus
707 2543 926 2607 tantummodo
943 2553 1142 2625 conceptam,

143 2648 310 2728 Zumptius
338 2649 438 2733 igitur
464 2649 661 2732 suspicatur,
689 2645 791 2710 fuisse
812 2645 889 2708 olim
915 2643 1143 2707 scholasticum

142 2749 314 2832 hominem,
336 2753 401 2837 qui,
417 2771 627 2838 quaecunque
648 2754 748 2816 minus
763 2748 840 2812 trita
859 2747 1058 2828 viderentur,
1075 2747 1143 2810 aul·

142 2851 271 2936 guribus
292 2854 400 2916 verbis
420 2855 615 2938 explanaret,
638 2872 741 2940 eaque
765 2861 820 2914 aut
840 2863 953 2934 postea
971 2871 1010 2914 ex
1031 2849 1144 2933 margi-

143 2973 185 3016 ne
208 2954 282 3016 libri
303 2955 335 3018 in
354 2957 455 3041 ipsam
477 2958 655 3024 orationem
668 2958 830 3034 transisse,
852 2967 911 3018 aut
924 2955 1041 3032 atatim,
1059 2957 1147 3037 quae

143 3059 300 3124 maiorum
320 3061 353 3122 in
373 3081 412 3124 ea
435 3081 473 3123 re
497 3044 633 3124 facilitas
654 3071 689 3123 et
707 3081 834 3134 rerum,
863 3077 928 3120 non
955 3055 1157 3132 verborum,

144 3178 221 3222 cura
240 3159 313 3238 fuit,
332 3164 365 3224 in
385 3163 456 3246 ipso
478 3163 563 3227 libro
580 3173 728 3227 correcta
756 3177 845 3242 esse3
873 3171 907 3220 et
934 3157 1044 3237 seculo
1075 3154 1144 3238 qui-

145 3260 219 3324 dem
236 3265 329 3350 XIV,
344 3278 398 3330 aut
418 3265 479 3332 XV
505 3267 610 3354 etiam,
631 3263 761 3340 Curtius
781 3260 1003 3344 interpolatus¹
1018 3275 1091 3318 esse
1110 3265 1145 3314 et

143 3389 185 3452 ex
205 3365 401 3454 interpolato
427 3367 602 3453 exemplari
629 3365 774 3431 certatim
804 3362 987 3525 l<380r51311⁸
1003 3357 1144 3423 ¹videtur
