2660 3864
388 341 506 395 sorra.
524 341 562 394 us
579 341 614 410 a.
632 334 791 394 cosmon
807 343 838 394 a.
855 341 877 394 1.
960 329 963 348 “
1102 349 1135 402 ³1

98 476 102 478 ’
140 491 282 574 exitium,
303 490 392 576 quod
412 489 570 574 Olynthus
592 508 747 572 perpessa
762 501 826 552 est:
846 509 904 553 nos
919 488 1134 558 liberavimus.
1204 547 1207 552 ,

140 573 270 660 Quippe
292 573 447 634 Graecam
467 571 639 640 civitatem,
660 591 732 632 cum
751 570 885 633 maxime
905 571 1022 632 sociam
1042 583 1137 657 atquc

138 654 357 734 foederatam,
385 652 440 713 ille
466 651 634 734 religiosus
662 663 759 735 atque
785 652 976 714 venerabilis
998 665 1155 741 assertor,

142 733 297 796 Graeciae
318 753 378 795 nec
401 731 583 814 opinantem
611 733 795 814 opprimere
822 752 992 814 aggressus
1015 732 1136 796 fuerat·

139 815 229 874 Haec
255 825 305 876 est
330 813 478 876 nimirum
504 812 669 895 praeclara
693 812 792 894 ipsius
818 813 997 894 prudentia.
1038 815 1131 876 Calli·

139 894 270 956 ditatem
298 915 360 976 pro
387 893 514 975 ingenio
545 891 659 955 habet:
694 893 873 974 periurium
903 904 1003 954 artem
1027 905 1136 976 putat:

138 973 272 1056 perfidia
298 987 448 1058 tanquam
479 974 601 1036 virtute
631 973 739 1033 utitur.
782 975 848 1034 Aut
876 971 960 1034 dicat
986 973 1135 1057 denique,

140 1075 204 1138 quo
233 1054 293 1115 alio
323 1067 417 1136 paeto
447 1051 684 1114 formidabilem
711 1054 797 1116 illam
825 1053 999 1136 potentiam
1025 1067 1135 1116 nactus

141 1146 206 1210 est,
232 1135 259 1194 si
287 1133 430 1196 Graecos
459 1133 642 1212 fraudibus,
683 1133 817 1198 insidiis.
852 1135 1034 1216 proditione
1070 1157 1135 1196 non

141 1215 243 1295 cepit3
265 1215 291 1276 si
311 1214 466 1277 barbaros
488 1215 583 1274 etiam
603 1235 667 1276 non
688 1236 766 1275 auro
788 1216 897 1296 magis,
918 1235 1013 1298 quam
1033 1215 1137 1292 ferro,

139 1294 231 1372 vicit3
248 1295 275 1354 si
297 1295 434 1380 denique
462 1295 610 1377 cuiquam
642 1295 824 1357 mortalium
852 1306 906 1356 aut
923 1295 1029 1356 ‘tidem
1059 1296 1135 1356 dare

139 1387 288 1457 gravatus
310 1387 368 1453 est,
393 1387 447 1435 aut
467 1374 572 1435 datam
593 1373 707 1434 fallere
728 1395 792 1436 non
812 1375 967 1438 sustinuit.
997 1376 1067 1434 latis
1088 1387 1134 1436 ta-

138 1475 212 1514 men
234 1455 289 1516 ille
318 1455 473 1516 Graeciae
499 1453 636 1530 vindex,
662 1473 720 1514 nos
746 1454 987 1536 perturbatores
1014 1455 1135 1515 sumus!

139 1534 204 1594 Sed
227 1535 304 1618 quid
324 1536 401 1596 istos
419 1535 549 1616 pudeat,
571 1534 626 1618 qui
646 1555 701 1594 sua
723 1535 853 1595 crimina
865 1533 959 1596 nobis
974 1535 1138 1596 obiectare

138 1615 268 1691 malunt,
288 1637 382 1700 quam
403 1636 466 1677 non
487 1614 660 1676 admouere
681 1635 739 1676 vos
761 1634 892 1693 eorum,
918 1635 1056 1698 quorum
1077 1616 1137 1697 ipsi

138 1694 298 1756 manifesti
317 1693 413 1756 sunt?
445 1695 480 1755 Si
528 1696 576 1756 uis
604 1707 771 1776 captorum
799 1717 967 1756 munerum
988 1707 1041 1757 aut
1061 1716 1137 1777 pro·

140 1775 266 1836 ditionis
288 1797 363 1837 reus
386 1787 479 1854 esset,
499 1717 596 1851 illum,
606 1775 738 1852 tuendo,
752 1777 996 1858 propugnando,
1010 1778 1136 1859 legibus

140 1866 174 1916 et
193 1857 306 1937 poenis
328 1857 507 1938 eripiendo,
529 1867 673 1918 vestrum
692 1857 857 1938 negotium
879 1859 1032 1938 ageretis:
1053 1875 1137 1917 nunc

139 1936 217 1998 alios
246 1938 423 2000 accusando
450 1937 482 1999 in
511 1957 571 2000 vos
603 1937 789 1998 sententiam
816 1937 931 2001 dicitis.
982 1937 1078 2018 Quod
1110 1937 1137 1996 si

139 2015 250 2098 ignari,
272 2039 427 2103 quorsum
449 2039 486 2080 ea
505 2037 559 2078 res
581 2017 775 2100 pertineret,
795 2017 829 2078 id
850 2017 1034 2095 admisistis,
1060 2037 1137 2099 pru-

139 2097 277 2160 dentiam
298 2099 331 2160 in
358 2099 451 2162 vobis
478 2099 630 2183 requiro,
660 2098 687 2158 si
714 2098 851 2159 scientes
883 2099 1136 2183 prudentesque,

139 2179 374 2246 verecundiam.
428 2181 496 2242 Pro
525 2201 614 2256 mea,
655 2179 774 2262 quique
801 2178 834 2238 in
863 2181 976 2240 eadem
1010 2199 1136 2239 mecum
1156 2182 1213 2255 ᾖ

139 2276 232 2318 causa
252 2272 335 2337 sunt,
355 2259 533 2322 innocentia
551 2259 731 2333 suffecerit,
760 2259 849 2342 quod
865 2280 923 2322 uos
944 2277 962 2318 a
985 2257 1137 2340 Philippo

138 2338 215 2398 nibil
236 2341 397 2422 accepisse
413 2341 473 2421 ipsi
492 2340 646 2401 fatemini.
692 2342 760 2400 Nec
781 2339 881 2416 enim,
902 2339 929 2398 sl
953 2339 1030 2429 quid
1055 2339 1137 2418 peti·

140 2419 305 2496 vissemus,
325 2441 445 2483 vacuos
469 2418 558 2479 abire
598 2437 683 2478 assus
704 2430 789 2478 esset
810 2417 1048 2478 liberalisslmus
1068 2439 1136 2492 rex,

139 2509 177 2557 ut
196 2520 213 2557 a
233 2497 323 2559 vobis
345 2499 473 2581 quidem
494 2441 708 2578 praedicatur.
730 2498 781 2555 An
800 2497 855 2578 qui
875 2513 933 2560 tos
954 2497 1137 2578 corrupisse

140 2596 260 2656 operae
283 2579 425 2658 pretium
445 2577 578 2658 putavit,
599 2574 708 2651 nobis,
736 2575 832 2636 etiam
850 2575 1052 2657 petentibus,
1072 2594 1138 2638 non

140 2655 336 2736 largiretur?
357 2660 400 2716 At
420 2656 589 2718 Thebanos
610 2656 708 2718 modo
722 2654 897 2736 monuistis,
917 2677 958 2717 ne
972 2656 1138 2718 consilium

140 2754 255 2796 eorum
283 2757 317 2796 se
342 2749 511 2815 uerentur,
542 2738 596 2821 qui
623 2737 745 2819 patriae
781 2737 863 2798 male
899 2737 1137 2799 cousuluerunt

139 2817 211 2898 Ego
229 2836 306 2878 vero
319 2757 436 2878 desino
450 2818 613 2893 adversari
626 2817 698 2895 illis,
713 2813 872 2882 Thebani,
887 2817 915 2880 ai
925 2818 969 2878 ita
983 2819 1137 2880 sentiunt:

139 2895 172 2956 in
191 2895 335 2978 ipsorum
355 2898 536 2979 opinionem
554 2910 691 2974 transeo,
711 2916 846 2980 vosque,
868 2909 986 2984 quanto
1000 2899 1136 2961 maximo

139 2989 247 3059 potest
267 2998 385 3059 opere,
408 2978 541 3056 hortor,
566 3001 641 3056 oro,
674 2978 831 3056 obsecro,
851 2999 976 3063 perque
997 2989 1138 3039 vestram

140 3069 173 3120 et
203 3077 403 3120 communem
431 3059 594 3122 Graeciae·
613 3059 747 3120 salutem
770 3058 929 3138 obtestor,
948 3069 984 3118 ut
1002 3058 1066 3119 hoe
1090 3060 1137 3140 ip-

139 3157 248 3198 sorum
269 3138 432 3200 decretum
456 3139 694 3220 amplectamini.
737 3138 773 3197 Id
794 3139 820 3198 si
839 3139 999 3215 f'eceritis,
1030 3157 1137 3232 neque

139 3238 294 3298 pecorum
324 3230 419 3304 atque
448 3232 664 3281 armentorum
693 3218 793 3302 gratia
820 3239 878 3282 vos
909 3221 996 3302 ipsos
1024 3233 1135 3287 ventre

139 3299 317 3378 patiemini3
353 3319 458 3384 neque
484 3310 521 3359 ut
542 3300 707 3382 ergastulis
727 3299 1139 3393 age1·vesterfrequente·,

140 3389 210 3454 tur,
228 3379 310 3439 inter
332 3389 439 3441 cetera
460 3379 617 3462 Philippi·
632 3381 787 3462 mancipia
809 3379 990 3441 Paeonibus
1014 3389 1048 3439 et
1066 3377 1137 3438 Tri·

140 3457 230 3520 ballis
251 3460 405 3527 servietis.
446 3463 525 3522 Nam
556 3461 608 3524 isti
636 3479 752 3544 greges
780 3471 815 3521 et
839 3458 993 3542 mancipia
1019 3457 1138 3522 intueri
