2660 3864
202 312 237 366 aa
574 305 594 356 1.
612 303 828 356 rnnusuaaffl

202 473 308 534 exosa,
331 453 382 514 alii
401 471 509 512 rerum
526 473 679 514 novarum
694 449 852 532 cupidine,
877 445 964 512 varie
985 450 1016 512 in
1036 450 1120 512 hunc
1141 461 1197 512 aut

201 536 291 596 illum
313 531 504 593 inclinabant
524 532 653 594 studiis:
686 551 746 592 nec
767 529 916 606 deerant,
938 533 993 613 qui
1013 530 1196 598 Alexandro

163 614 323 699 sAeropi
347 611 412 674 filio
437 611 465 691 ⁵)
488 611 719 674 restituendum
737 611 879 672 dicerent
900 611 1075 694 fastigium,
1101 611 1197 695 quod,

200 696 329 756 excluso
349 692 492 776 legitimo
514 693 606 775 regni
624 691 756 768 herede,
778 693 926 772 Amyntas
950 692 1061 774 prius,
1082 691 1197 758 deinde

198 773 377 856 Philippus,
397 773 428 834 vi
449 793 485 834 ac
505 772 619 834 fraude
639 769 833 834 invasissent.
862 773 1032 834 Exercitus
1053 793 1201 856 quoque,

200 855 296 930 variis
318 875 358 915 ex
377 853 554 914 nationibus
577 852 783 935 compositus,
803 864 840 920 ut
864 851 979 948 cuique
1000 853 1120 920 animus
1142 863 1196 918 aut

197 955 212 994 s
238 955 270 994 es
286 946 364 1009 erat,
385 933 585 994 discordibus
601 932 738 995 consiliis
754 945 787 994 et
798 933 996 994 sermonibus
1011 932 1199 1014 agitabatur.

227 1026 318 1076 ontra
339 1013 520 1077 Alexandro
540 1034 658 1074 novum
678 1013 858 1094 imperium,
878 1033 915 1074 ac
930 1013 1037 1074 subito
1057 1012 1198 1094 Philippi

198 1113 273 1154 casu
292 1093 369 1154 nihil
394 1093 546 1155 adversus
577 1094 759 1176 ingruentes
788 1105 890 1154 motus
917 1093 1082 1175 provisum
1110 1105 1197 1158 erat:

199 1186 233 1235 et
255 1195 444 1258 quamquam
465 1173 578 1234 indolis
600 1173 684 1234 haud
704 1175 895 1254 poeniteret,
916 1187 1001 1236 aetas
1024 1175 1197 1256 sperneba-

160 1268 163 1284 '
197 1265 262 1320 tur.
304 1253 426 1337 Viginti
448 1249 479 1326 ⁶)
508 1275 661 1315 annorum
689 1253 926 1316 adolescentem
953 1265 1060 1316 tantae
1087 1275 1198 1317 rerum

133 1337 135 1345 ’
196 1335 274 1396 moli
294 1333 445 1395 humeros
466 1333 692 1412 subiecturum,
713 1345 786 1410 aut,
810 1335 836 1394 si
866 1335 1058 1416 recepisset,
1111 1355 1198 1402 arem

156 1413 352 1511 fluuium,
377 1435 439 1476 non
464 1413 708 1480 arbitrabantur.
729 1415 833 1476 Etiam
844 1435 962 1476 nervus
984 1357 1198 1498 gerendarum

196 1517 306 1557 rerum
326 1495 462 1578 petuma
482 1495 660 1577 defecerat:
698 1517 761 1579 qua
790 1494 984 1556 abundantes
1013 1496 1134 1556 Persae
1164 1495 1198 1556 in

198 1596 325 1636 omnem
357 1575 428 1638 fere
456 1574 623 1636 Graeciam
649 1587 857 1657 corruptores
884 1575 1054 1637 miserant:
1085 1587 1139 1652 et,
1157 1595 1198 1638 ne

196 1656 274 1740 quid
294 1656 385 1720 malis
405 1655 544 1732 deesset,
564 1655 772 1717 Macedoniae
799 1655 955 1717 maritima
977 1653 1008 1729 ⁷)
1031 1655 1130 1718 Tusci
1150 1655 1197 1737 pi-

195 1746 281 1796 ratae
306 1735 591 1828 depraedabantur.
620 1734 810 1805 Convocatis
838 1737 948 1798 amicis
969 1731 1019 1813 ὅ),
1055 1755 1129 1797 cum
1148 1735 1198 1815 ¹fide
1274 1745 1278 1750 “

219 1828 354 1876 raesenti
375 1835 486 1875 rerum
500 1828 590 1886 statu
611 1815 804 1878 deliberatio
827 1816 969 1888 instituta
1002 1827 1104 1893 esset,
1133 1838 1196 1878 non

195 1835 380 1971 defuerunt,
403 1896 457 1976 qui
479 1909 656 1972 censerent,
679 1899 792 1958 omissa
808 1895 963 1957 Graeciae
979 1916 1066 1973 eura,
1082 1907 1198 1980 quanta

221 1985 305 2035 osset
328 1973 457 2034 lenitate
479 1973 663 2038 deficientes
677 1976 829 2040 barbaros
851 1977 883 2036 in
904 1974 1014 2038 officio
1035 1977 1199 2038 continen-

197 1995 255 2114 dos
276 2071 362 2115 esse:
390 2067 560 2138 postquam
580 2056 718 2118 intestini
741 2067 845 2118 motus
870 2055 1112 2132 consedissent,
1129 2057 1198 2116 lun-

195 2134 311 2228 ginqua
328 2132 452 2228 facilius
474 2137 738 2217 compositurum.
784 2136 908 2198 Verum
929 2136 1127 2210 adolescens,
1150 2137 1195 2196 in·

196 2234 278 2296 srgm
309 2216 665 2296 animamagnitudine,
709 2229 800 2278 cauta
828 2216 958 2278 consilia
987 2237 1046 2298 pro
1076 2219 1198 2298 ignavis
1234 2267 1237 2271 .
1323 2283 1324 2294 p

193 2291 387 2359 fastidiebat.
440 2293 609 2378 Perpetuo.
640 2297 780 2362 omnium
813 2297 988 2361 contemtui
1025 2297 1199 2360 maenium

194 2372 278 2448 fore,
301 2374 327 2433 si
348 2374 379 2435 in
399 2374 559 2458 principio
579 2378 672 2472 regni
693 2379 822 2460 impune
843 2377 1001 2460 sesperni
1021 2389 1198 2458 pateretur.

194 2455 246 2514 Ad
268 2475 394 2524 omnem
422 2456 573 2550 deinceps
598 2471 695 2520 utam
718 2458 899 2541 pertinere,
933 2456 1061 2554 qualem
1093 2457 1133 2518 de
1158 2477 1198 2518 se

196 2535 378 2628 opinionem
401 2535 561 2597 inanimis
582 2535 745 2600 hominum
766 2539 920 2620 incipiens
947 2549 1124 2620 imperator
1145 2559 1198 2600 ex·

195 2627 282 2676 citet.
322 2615 463 2698 Philippi
484 2637 597 2678 necem
616 2617 702 2680 haud
723 2619 820 2702 magis
849 2619 931 2696 sihi.
951 2640 1046 2704 quam
1070 2618 1198 2680 rebelli-

195 2692 272 2772 bus,
302 2696 552 2776 inexspectatam
579 2699 748 2761 accidisse:
785 2700 982 2780 trepidantes
1003 2697 1132 2778 gadhuc,
1167 2711 1200 2762 et

154 2816 157 2828 ι
194 2775 321 2837 consilii
345 2775 503 2853 incertos,
535 2776 625 2839 nullo
660 2778 790 2863 negotio
826 2779 965 2862 opprimi
996 2799 1109 2860 posse:
1138 2801 1216 2862 per,
1323 2849 1324 2858 ¹

166 2973 170 2981 ¹
262 2985 290 3055 5)
308 2987 444 3040 Plutarch.
473 2988 507 3042 de
533 2991 598 3042 fort.
624 2989 703 3044 Alex.
723 2999 753 3057 1,
779 2993 803 3044 3'·
829 2993 933 3044 Arriae.
967 3011 990 3060 ι,
1008 2994 1034 3060 3,
1052 2995 1079 3049 6.
1102 2993 1195 3046 lustin.

195 3063 236 3124 ss,
256 3063 400 3192 16,)11ιιεῐίιι.
423 3143 468 3188 ιι,
487 3145 512 3192 ι,
542 3139 568 3191 9.
592 3125 696 3176 Arrian.
723 3145 748 3196 ι,
775 3146 800 3189 ι,
832 3143 856 3194 7.
881 3145 905 3194 7,
930 3131 962 3193 5,
985 3145 1021 3197 17.
1056 3129 1151 3182 Suidas
1171 3151 1195 3181 v.

189 3185 419 3267 Ἀλέξανδρος,
435 3195 505 3245 Plut.
526 3193 559 3244 de
578 3194 726 3248 fontales.
747 3203 770 3262 1,
789 3204 815 3254 3.
834 3197 926 3248 lustin.
946 3216 976 3266 11,
996 3215 1021 3266 a,
1046 3213 1071 3266 7.
1089 3198 1196 3251 Arrian.

196 3289 222 3342 2,
241 3288 266 3338 3,
285 3275 310 3324 8.
329 3273 442 3325 Diodor.
464 3290 504 3340 17,
529 3275 554 3342 lp.

262 3359 275 3408 7
310 3343 407 3393 Strabo
426 3342 475 3392 lib.
496 3343 543 3396 5.,

262 3411 278 3462 8
312 3411 447 3465 Plutarch.
468 3428 493 3462 c.
510 3411 547 3463 18.
569 3411 661 3462 lustin.
684 3429 721 3476 ιι,
738 3432 757 3478 ι,
778 3411 805 3466 5.
