2636 3860
460 345 595 388 nostran
620 343 811 405 sarnanum.
1085 325 1129 386 lil
1177 335 1180 342 ’

142 489 187 550 hil
206 489 288 550 enim
311 507 345 548 se
368 499 497 570 praeter
518 484 662 546 sublimia
682 484 780 546 verba
800 483 1012 548 facundissimi
1032 491 1130 572 serip-

142 593 220 655 toris
237 591 391 657 audivisse
416 587 457 670 7).

219 695 341 758 Verum
369 704 434 770 est,
462 689 580 775 nullus·
608 691 753 752 veterum
787 676 979 772 sc‘riptorum
1010 695 1126 761 diserte

141 797 242 861 Curtii
262 795 453 858 mentionem
475 789 565 868 facit3
592 793 700 875 itaque
725 793 846 856 nonarisi
872 795 1035 877 escriptis
1060 801 1127 864 eius

140 899 319 962 testimonia
345 899 385 962 dc
406 897 507 982 ipsius¹
532 907 632 958 aetate
673 895 776 978 repeti
797 907 936 978 possunt.
976 899 1050 960 Duo
1070 921 1127 984 po-

140 1005 294 1066 tissimum
325 1001 389 1065 loci
415 1011 552 1080 exstant,
583 1002 636 1085 qui
664 1000 848 1062 memoriam
875 999 945 1062 aevi
965 1003 1127 1073 scriptoris

142 1107 309 1188 attingunt,
330 1093 384 1168 lib.
398 1102 452 1180 tv,
466 1112 496 1182 lt,
512 1105 567 1166 ubi
589 1106 624 1168 de
644 1105 732 1180 longa
750 1123 825 1182 pace
848 1113 955 1163 cuncta
976 1104 1129 1182 refovente

140 1210 291 1292 loquitur,
313 1214 345 1268 e't
365 1205 421 1268 lib.
441 1207 487 1283 X,
513 1210 549 1284 9,
574 1207 629 1268 ubi
650 1225 766 1290 magno
791 1217 824 1266 ct
842 1206 939 1287 pleno
966 1209 1054 1290 quasi
1069 1233 1126 1274 ore

140 1310 317 1394 principem
338 1330 431 1372 snum
452 1309 623 1390 praedicat,
644 1308 700 1392 qui
720 1319 793 1388 post
812 1307 924 1369 multas
945 1308 1126 1378 desummo

140 1414 266 1496 imperii
289 1409 442 1494 regimine
463 1408 633 1472 discordias
654 1425 767 1488 pacem
786 1405 930 1468 stabilem
950 1409 1126 1477 reduxerit.

143 1517 278 1597 Exque
299 1511 427 1595 quidem
452 1509 624 1592 posteriori
653 1509 727 1570 loco
758 1528 831 1570 cum
852 1507 1017 1592 scriptoris
1041 1527 1126 1580 aetas

140 1636 204 1678 non
225 1615 297 1676 dico
319 1610 441 1674 definiri
460 1612 517 1674 sed
541 1611 647 1696 colligi
668 1629 763 1694 posse
782 1608 947 1690 videatur,
968 1614 1126 1702 integrum

142 1735 226 1796 eum,
246 1716 356 1801 utqui
379 1715 579 1798 disputationi
599 1735 660 1800 pro
683 1712 887 1776 fundamento
915 1733 984 1779 esse
1004 1719 1130 1799 debeat,

141 1817 362 1906 erscriltamus.
405 1819 517 1898 Sermo
547 1831 595 1882 est
615 1819 656 1880 de
680 1816 918 1882 successoribus
945 1818 1127 1902 Alexandri,

130 1921 197 2005 'qui
216 1927 342 2003 primum
361 1943 430 2000 ergo
455 1923 594 2000 collegere
616 1929 707 1999 virus,
735 1917 837 1982 deinde
861 1918 1075 2000 disperserunt:
1095 1935 1127 1988 ct

142 2047 205 2085 cum
223 2027 354 2106 pluribus
374 2046 497 2105 corpus,
525 2047 610 2108 quom
637 2025 792 2108 capiebat,
814 2035 1000 2095 onerassent,
1029 2037 1130 2088 cetera

139 2117 269 2187 membru
298 2126 422 2210 deficere
450 2141 623 2210 coeperuntt
655 2127 784 2210 quodque
814 2133 965 2208 imperium
995 2130 1046 2193 sub
1073 2152 1128 2192 unc

139 2241 223 2290 stare
247 2238 407 2310 potuisset,
440 2231 507 2291 dum
527 2253 548 2292 c
566 2232 696 2312 pluribus
714 2238 882 2301 sustinetur,
908 2237 978 2292 ruit.
1018 2233 1128 2292 Proin·

139 2331 177 2391 de
197 2339 259 2392 iure
285 2341 444 2416 meritoque
469 2327 591 2414 populus
617 2333 765 2394 Romamn
793 2336 916 2396 salutem
944 2355 975 2394 se
1001 2337 1129 2412 principi

139 2451 191 2492 suc
216 2433 319 2495 debere
337 2435 513 2517 prsrfitctur,
537 2443 585 2494 cui
617 2433 646 2513 ὓ)
674 2443 785 2510 noctis,
813 2455 898 2514 quarn
917 2455 1008 2511 paene
1027 2453 1126 2512 supre-

153 2607 336 2620 m

192 2736 220 2806 7)
235 2739 354 2798 ,Arriano
380 2736 499 2792 Curtium
522 2746 585 2808 post
606 2740 662 2790 onit
685 2721 815 2813 pluraque
841 2745 868 2794 in
892 2761 925 2796 eo
954 2743 1128 2813 reprehendit

140 2815 248 2879 praeter
266 2807 402 2859 llollinum
421 2805 488 2859 Hist.
507 2815 558 2859 vet.
578 2755 680 2860 gallice
706 2811 792 2864 editae
816 2813 903 2863 Tomo
932 2811 969 2862 Vl
992 2811 1126 2880 (biblioth.

140 2873 281 2928 raisonnee
299 2879 331 2928 T.
352 2883 392 2941 13,
408 2894 436 2946 p.
452 2874 499 2944 90)
526 2877 653 2944 Anglicus
677 2879 806 2949 interpres
825 2879 970 2932 Rooclsins.
1005 2880 1127 2930 Curtium

141 2961 197 2996 non
214 2944 283 2996 adeo
301 2945 441 3010 adoneum,
460 2946 505 3011 qui
524 2943 737 2998 adolescentibus
758 2947 792 2999 ad
815 2946 971 2998 imitandum
989 2964 1126 3018 propona-

142 3021 196 3082 tur,
216 3012 342 3082 disputat.
361 3013 453 3065 Iacob.
471 3012 625 3064 Brackerus
642 3015 669 3062 in
686 3017 798 3067 Miscell.
817 3017 903 3084 Lipss.
921 3019 953 3067 T.
971 3017 1019 3081 IX,
1044 3035 1071 3084 p.
1096 3031 1126 3067 aa

140 3098 199 3150 sqq.
217 3083 326 3134 Praeter
344 3083 513 3133 Perizonium
532 3081 617 3130 Curtii
636 3085 814 3150 patrocinium
832 3084 926 3135 sumsit
942 3085 965 3134 1.
986 3085 1009 3134 I.
1028 3085 1126 3134 Sarto-

142 3151 198 3200 n'us
214 3151 242 3200 in
262 3151 356 3202 Curtio
373 3151 441 3202 R'uio
459 3167 475 3201 a
492 3148 659 3222 quorundam
675 3151 830 3222 reprehens.
852 3151 973 3204 defenso.
997 3154 1127 3220 Erlangae

144 3217 218 3354 17783,
235 3215 281 3338 isis:
299 3285 389 3338 noctis
413 3291 452 3336 est
476 3285 559 3336 lectio
584 3287 702 3354 vulgata,
729 3303 809 3356 mam
832 3297 921 3359 utrum
943 3287 1075 3352 retineas,
1091 3303 1125 3340 an

142 3369 203 3406 cum
220 3354 343 3424 Zumptio
361 3351 461 3405 scribas
479 3353 530 3423 qni
544 3355 632 3404 noctis
646 3359 687 3426 vel
698 3357 749 3426 qui
758 3358 837 3407 nocti
848 3373 909 3408 curn
921 3355 1039 3420 Heinsio,
1053 3355 1123 3408 haud

141 3437 236 3490 parum
254 3425 363 3475 interest
380 3424 407 3472 in
425 3419 474 3474 hac
491 3421 664 3475 discernenda
681 3439 720 3480 re.
792 3486 794 3495 γ
