2660 3864
199 313 234 364 73
568 301 589 352 1.
605 300 824 357 FREINSHEMH

199 453 305 516 ausari
324 470 438 546 posse,
465 449 520 535 qui
545 449 640 532 longe
668 449 758 510 aliam
786 448 864 510 belli
884 447 1017 542 gerendi
1037 449 1194 512 rationem

197 531 462 616 praescripsisset.
503 529 632 618 Quippe
660 531 797 609 Darius,
826 527 951 607 audito,
978 531 1195 598 Alexandrum

198 635 238 674 ex
261 611 445 673 Macedonia
469 611 623 688 movisse,
650 610 757 670 literas
780 611 819 670 ad
839 609 1022 692 praefectos
1043 631 1117 670 suos
1138 610 1196 672 mi-

198 703 293 769 serat,
317 693 474 772 imperans
497 691 555 771 21),
575 703 611 760 ut
631 690 834 752 insanientem
849 688 989 783 Philippi
1009 689 1197 752 adolescen-

151 765 186 872 ἦ(
198 775 316 847 tulum,
344 772 463 866 puerili
489 771 629 835 verbere
656 771 765 830 aetatis
794 782 827 832 et
848 769 1036 832 conditionis
1057 769 1197 833 admoni-

199 866 278 927 tum,
300 849 415 914 demde
436 872 600 934 purpurea
624 862 710 913 reste
725 851 870 912 indutum
891 850 1122 932 quamprimum
1136 851 1197 912 sibi

198 934 340 996 vinetum
362 933 565 994 adducerent:
587 951 682 992 naves
701 931 799 1012 ipsius
822 952 883 990 una
904 950 975 998 cum
996 931 1097 992 nautis
1118 933 1198 992 mari

202 1015 436 1095 demergerent:
457 1012 574 1072 milites
598 1031 706 1072 omnes
728 1011 767 1072 ad
787 1009 898 1072 ultima
918 1011 1013 1071 maris
1028 1009 1198 1092 Erythraei

198 1094 271 1156 loca
293 1094 510 1174 deportarent.
553 1091 643 1152 Adeo
663 1111 741 1172 prae
762 1089 912 1230 superbia
932 1089 1035 1153 futuri
1055 1111 1199 1168 securus,

202 1186 237 1236 et
260 1173 388 1256 ignarus
409 1173 504 1252 sortis
527 1192 620 1248 suae,
648 1175 773 1232 omnem
822 1191 954 1231 munnae
974 1171 1196 1232 imbecillitatis

96 1311 100 1320 ,
200 1275 328 1315 sensnm
348 1264 488 1329 exuerat,
510 1251 775 1336 consanguineum
798 1250 904 1312 Debui
925 1271 959 1311 se
979 1251 1107 1328 ferens,
1134 1274 1198 1312 ma-

201 1335 247 1418 gis
276 1333 362 1416 quod
394 1334 536 1416 potentia
558 1354 622 1394 non
648 1331 755 1412 dispar
784 1331 859 1412 ipsis
892 1331 1073 1408 videretur,
1102 1354 1196 1414 quam

201 1415 243 1476 ob
268 1425 415 1476 ¹veterem
441 1414 600 1483 fabulam,
631 1433 693 1495 qna
713 1413 886 1472 Persarum
913 1433 950 1472 re
974 1433 1008 1472 es
1035 1433 1052 1472 a
1075 1413 1196 1477 Perseo

201 1495 285 1556 Iovis
313 1491 379 1554 lilio
405 1515 520 1555 nomen
544 1505 639 1576 atque
666 1513 765 1574 genus
787 1492 920 1554 traxisse
948 1433 1116 1553 brebatur
1136 1489 1196 1572 22).

201 1575 328 1636 Eodem
351 1573 435 1634 fastu
454 1577 579 1655 plenam
610 1571 777 1652 epistolam
798 1571 838 1631 ad
861 1572 1070 1634 Athenienses
1092 1573 1199 1653 paullo

202 1666 275 1716 ante
295 1653 392 1716 scribi
412 1655 556 1729 iusserat,
578 1651 807 1736 addideratque
823 1649 883 1728 ²³),
904 1651 1030 1736 quando
1052 1651 1200 1713 Maccdo-

202 1735 249 1796 nis
278 1735 444 1795 amicitiam
471 1732 711 1816 praetulissent,
730 1754 756 1806 ‚a
776 1752 811 1793 se
840 1731 991 1815 deinceps
1021 1755 1132 1794 aurum
1159 1752 1200 1794 ne

201 1825 367 1900 peterent:
389 1837 452 1876 non
473 1815 555 1875 enim
575 1813 743 1874 missurum
763 1832 847 1884 csse,
869 1813 962 1874 etiam
983 1813 1180 1894 rogantibus.

282 1895 322 1960 V.
344 1896 387 1956 At
399 1894 589 1969 Alexander,
611 1913 683 1954 cum
698 1893 783 1952 inter
795 1893 1070 1974 progrediendum
1091 1914 1202 1975 agrum

203 1999 221 2038 a
240 1995 319 2056 rege
340 1975 510 2034 Persarum
531 1972 690 2032 Memnoni
711 1971 793 2032 dono
814 1972 922 2032 datum
943 1974 1110 2066 attigisset,
1136 1995 1202 2032 ma-

202 2052 307 2116 leiicio
329 2052 479 2114 abstineri
490 2053 582 2115 iubet
603 2051 641 2131 ¹),
663 2051 848 2134 colonisque
869 2051 1073 2114 etfructrbus
1092 2053 1201 2134 parci:

204 2134 318 2196 callido
340 2145 516 2193 commento
538 2143 720 2213 suspectum
750 2131 893 2192 facturus
924 2133 1084 2196 hominem
1112 2133 1202 2194 indu-

203 2215 334 2290 strium,
362 2225 395 2273 et
422 2233 520 2296 quem
547 2223 586 2274 ex
612 2210 757 2274 omnibus
783 2211 922 2274 hostium
951 2213 1084 2274 ducibus
1105 2235 1203 2276 unum

205 2317 268 2356 non
293 2305 520 2362 contemneret,
543 2293 569 2354 si
590 2291 620 2352 in
642 2313 711 2352 suas
732 2304 839 2386 partes
860 2294 1068 2362 transducere
1092 2293 1203 2378 nequi·

205 2377 310 2439 visset.
335 2377 479 2514 Cumpue
500 2374 660 2434 lenitatem
680 2394 764 2454 regis
787 2373 931 2434 admirati
951 2374 1096 2456 quidam,
1116 2394 1202 2434 accr-

205 2457 321 2518 rimum
349 2454 420 2516 calli
444 2454 646 2537 issimumquc
674 2454 885 2517 Macedonum
920 2453 1062 2530 hostem,
1098 2475 1203 2538 quam-

126 2543 136 2578 ἰ
205 2539 342 2618 primum
368 2536 400 2596 in
426 2545 620 2616 potestatem
640 2534 788 2608 redactus
810 2546 913 2611 esset,
941 2533 1203 2603 interficiendum,

206 2629 302 2700 atque
323 2616 448 2681 interim
478 2615 591 2698 quibus
619 2624 729 2695 posset
757 2613 899 2675 cladibus
926 2616 1103 2682 vexandum
1125 2633 1204 2689 esse,

175 2695 365 2764 sdicerent:
387 2695 484 2782 Quin,
505 2695 622 2778 inquit,
646 2692 752 2774 potius
779 2693 941 2754 beneficiis
970 2697 1204 2779 supplantamus

205 2775 377 2851 hominem,
398 2786 430 2836 et
446 2775 578 2841 amicum
595 2795 634 2834 ex
647 2772 772 2833 inimico
787 2773 929 2850 facimus,
953 2777 1063 2838 eadem
1088 2775 1205 2839 virtute

207 2867 242 2916 et
269 2855 411 2918 sollertia
436 2875 497 2936 pro
525 2853 615 2915 nobis
642 2848 806 2913 staturum.
845 2854 986 2919 Ventum
1019 2868 1087 2920 erat
1116 2853 1146 2938 ²)
1175 2854 1206 2916 in

254 3175 257 3180 .
276 3147 305 3182 21
338 3128 460 3183 Freinsb.
478 3129 505 3178 iu
524 3125 600 3194 Cui-t.
620 3129 645 3194 3,
663 3135 689 3194 5,
714 3142 753 3182 η.

274 3213 307 3251 22
338 3198 436 3249 Herod.
455 3203 480 3260 7,
502 3197 557 3250 150.
577 3197 710 3248 Plutarch.
730 3198 757 3246 in
774 3197 863 3252 Alcib

272 3269 318 3334 23)
336 3266 484 3316 Aeschines
502 3265 559 3314 adv.
579 3266 704 3334 Ctesiph.
1320 3263 1323 3388 1

297 3334 322 3471 ιζ
339 3335 464 3400 Polyaen.
483 3345 509 3397 4,
528 3335 553 3392 3,
576 3347 614 3395 15.
634 3333 741 3388 Curtius
761 3334 786 3397 3,
810 3351 833 3398 ι,
854 3347 895 3388 21.
913 3329 1041 3380 Themist.
1061 3338 1129 3384 orat,
1148 3341 1175 3394 9.

293 3420 308 3452 a
340 3402 436 3451 Strabo
455 3403 503 3451 lib.
522 3417 560 3465 ¹3·
580 3402 713 3456 Plutarch.
734 3419 756 3452 c.
776 3420 791 3452 n
815 3411 839 3452 ct
859 3403 899 3454 25.
918 3399 1021 3448 Arrian.
1044 3417 1064 3462 ι,
1085 3401 1109 3462 5,
1128 3413 1152 3446 a.
