2636 3860
188 365 323 428 XXXV!
524 385 566 424 rr
588 385 619 446 Q,
642 376 882 455 cuurro'nur-p.

188 523 278 599 tieni,
313 525 414 584 Curtii
438 518 550 587 'aetate
584 522 807 592 exeluduntur,
844 525 958 586 Restat
984 521 1087 606 prius,
1114 543 1188 610 quo,

176 613 287 689 'Didio
327 627 445 700 Iuliano
482 647 499 687 s
535 627 749 690 Praeterieris
788 625 829 688 ad
866 624 994 708 imperii
1028 624 1188 708 fastigium

189 741 325 815 evecto,
350 733 472 811 Spurius
492 729 610 790 Albinus
631 749 648 788 e
668 728 852 790 Britannico
874 709 1036 804 exercitu,
1064 729 1188 789 Pescen

188 839 271 892 ninus
292 828 384 909 Niger
405 854 421 892 a
444 829 584 910 Syriaco,
603 829 762 913 Septimius
786 819 892 898 tutent
912 831 1036 891 Severus
1061 852 1078 892 a
1109 831 1198 890 Pau·-

190 933 305 995 uonieo
330 935 539 1016 imperatores
562 933 715 995 declarati
737 946 819 1004 sunt.
854 934 913 994 lllo
935 933 1017 995 enirn
1031 944 1188 1014 ternpore,

189 1054 262 1095 eum
288 1033 459 1117 Septimius
481 1035 620 1103 Severus
646 1036 775 1117 imperii
800 1037 925 1099 clevum
947 1037 1116 1119 arriperet,
1136 1055 1187 1096 or·

191 1136 241 1202 bis
263 1139 397 1199 Romani
422 1151 519 1200 status
542 1138 662 1219 optime
684 1139 861 1220 comparari
880 1137 986 1220 potuit
1001 1160 1073 1201 cum
1092 1151 1187 1202 noete

187 1241 369 1322 perniciosa
390 1240 448 1320 ³⁰).
483 1238 682 1304 Irruentibus
709 1241 792 1308 euim
816 1259 841 1302 α’
859 1241 1089 1322 septemtrione
1115 1240 1186 1301 bur-
1276 1313 1281 1320 .

188 1338 342 1409 berorum
385 1341 550 1424 gentibus,
591 1343 771 1426 pestilentia
807 1326 985 1427 grassente,
1027 1339 1187 1402 saeviente

193 1445 389 1524 Commodo,
417 1445 586 1506 Pertinace
613 1455 646 1504 et
673 1445 770 1513 Didio
807 1446 926 1514 Iuliano
957 1445 1087 1522 occisis,
1115 1465 1187 1506 eum

193 1548 296 1606 omnia
324 1569 449 1608 sursum
484 1547 636 1608 deorsum
670 1561 862 1632 agerentur,
889 1547 1017 1607 tandem
1044 1545 1188 1627 Septimii

191 1647 305 1711 Severi
329 1652 542 1734 qualicunque
570 1649 674 1711 studio
698 1662 730 1712 et
755 1662 883 1720 strenua
905 1668 1004 1730 opera
1032 1647 1187 1714 01111Ηο-

190 1773 282 1814 mano
304 1756 387 1814 salus
408 1764 556 1834 reparata
577 1765 641 1827 est,
672 1753 705 1813 id
729 1754 817 1836 quod
836 1752 920 1812 illius
943 1752 1097 1834 temporis
1119 1773 1187 1812 rno-

190 1866 338 1928 numenta
353 1856 438 1918 clare
455 1859 682 1932 demonstrant,
697 1857 812 1938 quibus
827 1853 990 1930 elucescit,
1011 1874 1074 1920 non
1089 1852 1186 1914 medo

188 1969 339 2018 servulum
364 1980 433 2020 esse
460 1961 528 2020 cius
558 1981 621 2040 ope
642 1960 811 2042 imperium
838 1956 896 2017 sed
923 1956 1017 2022 etium
1036 1959 1187 2037 propago·

187 2069 249 2117 tum
289 2056 347 2139 i¹).
399 2062 500 2144 Igitur
535 2062 693 2139 Severus,
735 2061 792 2146 qui
824 2079 884 2128 nee
913 2060 1039 2140 opinata
1067 2079 1104 2120 re
1132 2079 1186 2139 ap-

186 2161 293 2239 paruit
314 2174 346 2222 et
368 2165 407 2224 ad
428 2165 549 2233 Urbem
577 2166 727 2244 necessit,
748 2149 834 2226 illud
862 2163 949 2222 sidus
965 2161 1055 2240 luit,
1085 2161 1185 2246 quod,

185 2261 278 2322 simul
301 2275 396 2349 atque'
410 2268 524 2346 illuxit,
544 2267 838 2351 perniciosissimas,
859 2265 974 2349 quibus
995 2285 1048 2335 res
1069 2268 1185 2328 Roma-.-

151 2385 153 2389 ’
185 2385 244 2425 use
265 2371 675 2452 p1·emebant'ur,'tenebres
697 2369 844 2433 discussit
865 2354 924 2448 32).

235 2678 279 2745 30)
300 2681 427 2732 Attendns
446 2684 520 2747 mihi,
539 2665 715 2734 Niebuhr-inin
734 2699 795 2740 curn
814 2684 872 2732 allis
888 2681 968 2740 etium
982 2681 1010 2730 in
1029 2680 1079 2736 hac
1097 2695 1127 2729 re
1147 2679 1181 2730 sb

182 2745 214 2802 Α,
235 2746 321 2796 Hirtio
342 2749 485 2812 recedere,
504 2751 578 2816 quod
597 2750 847 2816 interpretationem
865 2751 1038 2816 allegoricum
1052 2747 1183 2816 praefert,
1241 2787 1246 2793 .

183 2829 263 2880 quarn
279 2816 324 2864 ille
345 2817 453 2865 omuino
473 2818 570 2866 reiicit.

233 2879 277 2947 31)
296 2882 380 2934 Arcus
405 2884 546 2950 Septimii,
571 2885 615 2951 qui
641 2882 727 2933 adhue
753 2883 850 2940 Romae
870 2893 1000 2952 superest,
1028 2882 1184 2933 inscribitur

184 2948 222 2998 Ob
241 2948 404 3000 llestr'tunun
427 2950 622 3016 llempullicom
632 2969 642 3011 ,-
661 2953 688 2999 in
707 2951 760 3012 elio
780 2960 963 3014 monumento,
983 2953 1079 3019 procul
1097 2949 1183 2998 dubio
1246 3007 1251 3018 .

182 3015 313 3084 Septimio
334 3019 432 3066 Severo
453 3019 553 3082 dicato,
572 3018 646 3086 quod
666 3027 722 3069 erut
748 3021 778 3068 in
804 3019 877 3069 Foro
898 3019 1006 3080 Boario,
1025 3018 1182 3084 legebatur:

181 3085 371 3152 Propugutum
394 3087 545 3154 [inperium.
579 3089 665 3151 Quam
689 3088 815 3137 celeriter
833 3089 963 3155 Septimio
987 3094 1114 3147 regnante
1132 3085 1182 3132 im·
1220 3137 1222 3140 ,

179 3154 255 3220 perio
276 3152 393 3201 nonnum
415 3155 541 3220 pristinus
561 3155 634 3220 rigor
657 3156 795 3204 restitutus
814 3158 862 3218 sit,
889 3155 1073 3205 Tertullianus
1100 3151 1184 3200 docet

180 3219 213 3270 de
232 3220 318 3268 enimn
343 3236 365 3270 c.
385 3227 427 3274 430.
443 3222 476 3271 cl.
495 3221 587 3271 histor.
605 3223 716 3272 Miscell.
728 3223 753 3272 in
764 3223 894 3273 Mercatori
905 3237 974 3276 rerr.
985 3221 1054 3274 ltnll.
1066 3219 1182 3285 Scriptt.

180 3288 211 3336 Τ.
236 3294 259 3349 l,
277 3303 295 3354 p
323 3288 367 3339 6²..
389 3288 476 3339 Aurei.
497 3289 590 3339 Victor
610 3307 671 3358 cap.
692 3292 751 3340 XX.

213 3353 272 3470 13⁴2)
292 3354 455 3405 Niebuhrius
476 3358 624 3423 suspicatur
648 3375 703 3406 non
734 3361 800 3408 solas
826 3357 980 3417 mutandum
1009 3371 1067 3406 esse
1092 3355 1119 3404 in
1138 3357 1184 3406 eui

180 3439 253 3470 sors.
