2660 3864
191 393 226 450 98
562 389 584 442 1.
602 385 822 442 rntlnstttssst

190 531 422 616 habitabantur,
445 536 561 622 quibus
581 533 810 598 immunitatem
836 550 973 616 suasque
993 533 1082 618 leges
1103 534 1199 596 resti·

191 628 286 677 tuere
308 630 528 694 consueverat,
550 617 592 680 ob
614 615 797 676 liberandos
819 633 874 674 eos
895 613 927 673 in
947 614 1055 674 Asiam
1070 616 1198 677 venisse

190 693 365 778 professus.
405 699 518 781 Neque
553 695 598 776 ι3)
629 696 787 756 minorem
806 714 881 753 mox
910 715 928 753 a
954 692 1100 754 barbaris
1127 695 1199 756 iniit

190 774 338 858 gratiam,
357 777 492 838 comiter
517 787 651 858 excepta
672 776 760 855 Ada,
789 773 870 856 regii
900 774 1028 855 generis
1049 774 1198 852 muliere,

191 866 275 952 quae
295 852 358 913 iter
402 868 438 916 er
459 877 498 918 ea
522 857 594 917 loca
613 856 784 916 facientem
808 865 1021 930 convenerat,
1046 853 1197 938 illiusque

189 935 287 1005 bdem
317 876 489 1014 implorans
522 937 555 996 in
586 956 721 1018 regnum
756 930 882 994 restitui
917 946 1076 994 oraverat.
1117 935 1198 996 Nam

189 1017 409 1075 Hecatomnus
437 1015 548 1076 Cariae
578 1035 637 1076 rex
664 1027 730 1074 tres
751 1014 836 1074 filios
858 1011 978 1086 habuit,
999 1013 1077 1073 duas
1098 1013 1197 1078 filias:

190 1114 231 1155 ex
251 1091 367 1174 quibus
381 1094 533 1155 maximus
548 1106 622 1155 natu
638 1094 800 1155 Mausolus
819 1093 1021 1153 Artemisiam
1044 1093 1197 1160 duxerat:

153 1207 154 1210 ¹
189 1173 294 1235 minor
315 1191 354 1232 ex
375 1175 542 1236 sororibus
562 1174 630 1235 Ada
653 1172 746 1233 fratri
766 1172 900 1234 Hidrieo
921 1173 1041 1254 nupsit.
1072 1172 1136 1235 Sed
1149 1172 1196 1256 1ι’)

188 1251 333 1314 Mausolo
351 1253 481 1336 quidem
496 1275 590 1317 soror
606 1254 783 1336 eademqne
798 1253 912 1313 coniux
927 1252 1089 1329 successit,
1104 1274 1198 1316 more

188 1330 304 1429 gentis,
325 1353 389 1414 quo
411 1333 442 1394 in
464 1335 698 1396 matrimonium
719 1353 918 1416 regnumque
941 1333 1056 1394 sociari
1077 1332 1125 1394 i'as
1148 1349 1200 1397 est

187 1413 303 1474 usdem
325 1413 511 1494 parentibus
533 1415 673 1496 genitos:
705 1425 736 1473 at
760 1424 930 1496 postquam
950 1413 1121 1474 Artemisia
1142 1413 1198 1476 de·

144 1489 308 1567 hiderio
338 1492 485 1555 defuncti
507 1493 665 1569 extabuit,
693 1491 844 1552 Hidrieus
875 1511 976 1574 regno
1003 1495 1141 1574 potitus,
1164 1509 1198 1558 et

188 1573 256 1632 sine
278 1571 392 1632 sobole
420 1585 584 1650 mortuus,
612 1573 701 1633 Adae
725 1573 785 1632 reli
809 1571 856 1631 uit
883 1573 1060 1653 imperium.
1103 1575 1196 1638 Hanc
1272 1607 1274 1611 >

187 1647 374 1712 Pexodarus
395 1653 531 1733 expulit,
549 1653 604 1736 qui
624 1673 704 1712 unus
720 1652 760 1712 dc
782 1594 972 1712 dlecatomni
992 1651 1063 1713 liliis
1084 1674 1120 1714 su
1146 1678 1198 1718 er·

187 1742 273 1793 erat:
307 1741 341 1790 et
381 1753 474 1814 quam
499 1755 571 1792 uam
598 1733 624 1793 is
653 1732 859 1809 decessisset,
884 1733 1012 1792 exclusa
1037 1677 1196 1817 manelsat,

187 1810 261 1894 qnia
284 1807 332 1882 ¹⁵)
354 1755 589 1888 Orontolaten,
609 1811 750 1874 nobilem
771 1813 914 1888 Persam,
927 1811 1115 1874 Pexodarus
1140 1837 1195 1898 ge·

186 1910 300 1950 nerum
323 1889 512 1968 adsciverat,
534 1903 571 1951 ut
594 1892 625 1952 iu
646 1911 731 1953 novo
758 1903 791 1952 et
812 1891 844 1954 ri
870 1903 963 1972 parto
992 1893 1129 1974 imperio
1158 1898 1194 1956 il·

185 1969 247 2029 lius
269 1967 382 2050 opibus
405 1983 438 2031 et
475 1971 555 2032 ratia
576 1983 823 2052 protegeretur:
849 1983 943 2056 atque
957 1971 1021 2049 ille,
1039 1976 1194 2039 exstincto

186 2067 313 2122 socero,
339 2049 430 2110 velut
451 1992 557 2111 dotale
578 2071 713 2132 regnum
735 2051 903 2115 retinebat.
946 2052 1026 2112 Eam
1053 2053 1096 2134 16)
1114 2056 1194 2116 iniu-

185 2127 266 2188 riam
287 2127 459 2220 deplorans
481 2129 606 2204 mulier',
628 2130 720 2189 simul
742 2131 864 2190 Alindis
886 2131 1013 2208 deditis,
1037 2133 1193 2212 (munitis-

185 2207 300 2269 simum
329 2207 362 2266 1d
391 2208 555 2268 castellnm
585 2209 668 2287 erat)
698 2209 897 2290 impetravit,
926 2223 963 2272 ut
992 2230 1108 2274 nomen
1128 2214 1194 2294 lilii,

184 2286 604 2370 quoddel'e1·ebat,lubens
625 2289 796 2370 acciperet,
817 2302 1044 2374 strenuumque
1066 2295 1096 2354 ei
1116 2317 1194 2378 ope·

183 2388 255 2430 ram
276 2367 317 2427 ad
337 2368 484 2451 antiquae
507 2368 667 2451 dignitatis
695 2369 794 2430 decus
819 2382 943 2432 mature
972 2373 1193 2454 recipiendum

183 2447 405 2530 polliceretur.
442 2451 489 2510 Ne
515 2470 554 2509 ue
581 2445 625 2528 ¹⁷)
647 2451 807 2530 promisso
828 2447 908 2510 tides
931 2450 1049 2529 defuit3
1072 2475 1192 2540 expug-

183 2538 320 2610 nataque
345 2527 459 2589 deinde
514 2529 701 2590 alicarnasso
728 2540 828 2590 totam
855 2530 901 2589 illi
929 2531 1050 2592 Cariam
1075 2537 1192 2614 parcre

184 2605 285 2671 iussit.
307 2608 436 2668 Interim
457 2608 540 2669 fama
561 2610 697 2690 benigne
712 2619 865 2690 exceptae
886 2611 1026 2692 reginae,
1047 2633 1108 2694 per
1126 2635 1193 2676 orn-

184 2705 258 2746 nem
280 2685 368 2746 illum
389 2699 529 2748 tractum
551 2687 677 2764 diffusa,
701 2689 815 2748 multas
833 2690 982 2752 civitates
1007 2693 1191 2754 Alexandro
1238 2720 1242 2725 ·

183 2765 381 2906 porciliavit;
403 2789 473 2827 nam
494 2768 669 2850 pleraeque
694 2767 739 2846 18)
770 2789 787 2828 a
814 2769 1002 2830 necessariis
1023 2784 1079 2831 aut
1099 2773 1192 2835 fami-

198 2844 315 2906 iaribus
341 2845 433 2907 Adae
460 2846 667 2909 tenebantur:
711 2847 734 2909 ii
761 2867 823 2930 per
851 2851 974 2934 legatos
1002 2849 1197 2918 obtulerunt.

183 3000 384 3025 m

251 3105 290 3172 13)
313 3103 426 3157 Diodor.
451 3116 492 3168 17,
511 3105 552 3160 23.
571 3103 668 3154 Strabo
685 3103 732 3156 lib.
757 3102 797 3168 14.

216 3191 220 3199 ·
253 3175 284 3240 14
316 3175 403 3226 Tacit·
423 3177 448 3236 2,
467 3171 493 3236 3,
512 3175 538 3226 5.
558 3171 663 3224 Strabo.
681 3171 730 3222 lib.
748 3171 785 3236 td.

253 3253 284 3300 ιζ)
316 3242 572 3307 Arrian.1,7,26.

251 3311 290 3379 ιο)
311 3307 446 3360 Plutarch.
466 3325 489 3360 c.
509 3310 550 3360 38.

253 3387 282 3434 t'l
316 3379 412 3428 Arrian
431 3393 451 3440 1,
468 3391 492 3440 7,
515 3378 558 3433 26.

253 3379 297 3515 ¹⁸l
317 3444 413 3498 Strabo
436 3444 483 3495 lib.
503 3443 539 3508 14.-
