<?xml version="1.0" encoding="UTF-8"?>
<!DOCTYPE html PUBLIC "-//W3C//DTD XHTML 1.0 Transitional//EN"
    "http://www.w3.org/TR/xhtml1/DTD/xhtml1-transitional.dtd">
<html xmlns="http://www.w3.org/1999/xhtml" xml:lang="en" lang="en">
 <head>
  <title>
</title>
<meta http-equiv="Content-Type" content="text/html;charset=utf-8" />
  <meta name='ocr-system' content='tesseract 3.04.00' />
  <meta name='ocr-capabilities' content='ocr_page ocr_carea ocr_par ocr_line ocrx_word'/>
</head>
<body>
  <div class='ocr_page' id='page_1' title='image "./degestisalexand01baumgoog_0031.png"; bbox 0 0 2636 3860; ppageno 0'>
   <div class='ocr_carea' id='block_1_1' title="bbox 463 314 1133 380">
    <p class='ocr_par' dir='ltr' id='par_1_1' title="bbox 463 314 1133 380">
     <span class='ocr_line' id='line_1_1' title="bbox 463 314 1133 380; baseline -0.003 -6"><span class='ocrx_word' id='word_1_1' title='bbox 463 326 597 374; x_wconf 75' lang='lat' dir='ltr'><strong>noricis</strong></span> <span class='ocrx_word' id='word_1_2' title='bbox 625 333 816 380; x_wconf 71' lang='lat' dir='ltr'><strong>urrunnun.</strong></span> <span class='ocrx_word' id='word_1_3' title='bbox 1031 314 1133 372; x_wconf 78' lang='lat' dir='ltr'><strong>xxm</strong></span> 
     </span>
    </p>
   </div>
   <div class='ocr_carea' id='block_1_2' title="bbox 134 471 1190 2508">
    <p class='ocr_par' dir='ltr' id='par_1_2' title="bbox 134 471 1133 648">
     <span class='ocr_line' id='line_1_2' title="bbox 134 471 1133 556; baseline 0.001 -25"><span class='ocrx_word' id='word_1_4' title='bbox 134 472 352 554; x_wconf 76' lang='lat' dir='ltr'><strong>posteriorum</strong></span> <span class='ocrx_word' id='word_1_5' title='bbox 373 471 474 556; x_wconf 74' lang='lat' dir='ltr'><strong>qtdvie</strong></span> <span class='ocrx_word' id='word_1_6' title='bbox 495 472 637 554; x_wconf 75' lang='lat' dir='ltr'><strong>argutius</strong></span> <span class='ocrx_word' id='word_1_7' title='bbox 667 483 701 550; x_wconf 82' lang='lat' dir='ltr'><strong>et</strong></span> <span class='ocrx_word' id='word_1_8' title='bbox 725 471 921 545; x_wconf 70' lang='lat' dir='ltr'><strong>eumitiosius</strong></span> <span class='ocrx_word' id='word_1_9' title='bbox 941 484 1133 536; x_wconf 71' lang='lat' dir='ltr'><strong>tractaturus</strong></span> 
     </span>
     <span class='ocr_line' id='line_1_3' title="bbox 135 574 439 648; baseline 0.003 -14"><span class='ocrx_word' id='word_1_10' title='bbox 135 574 283 636; x_wconf 77' lang='lat' dir='ltr'><strong>luisset.“</strong></span> <span class='ocrx_word' id='word_1_11' title='bbox 372 642 375 648; x_wconf 50' lang='grc'><strong>,</strong></span> <span class='ocrx_word' id='word_1_12' title='bbox 436 613 439 622; x_wconf 87' lang='lat'>.</span> 
     </span>
    </p>

    <p class='ocr_par' dir='ltr' id='par_1_3' title="bbox 134 673 1190 2508">
     <span class='ocr_line' id='line_1_4' title="bbox 139 673 1190 762; baseline 0.007 -27"><span class='ocrx_word' id='word_1_13' title='bbox 139 717 142 724; x_wconf 81' lang='lat'>·</span> <span class='ocrx_word' id='word_1_14' title='bbox 220 677 355 761; x_wconf 81' lang='lat' dir='ltr'><strong>„Itaque</strong></span> <span class='ocrx_word' id='word_1_15' title='bbox 371 673 642 762; x_wconf 82' lang='lat' dir='ltr'><strong>quemadmodum</strong></span> <span class='ocrx_word' id='word_1_16' title='bbox 657 676 803 740; x_wconf 81' lang='lat' dir='ltr'><strong>Curtium</strong></span> <span class='ocrx_word' id='word_1_17' title='bbox 822 681 892 762; x_wconf 87' lang='lat' dir='ltr'><strong>ipso</strong></span> <span class='ocrx_word' id='word_1_18' title='bbox 906 677 1057 740; x_wconf 82' lang='lat' dir='ltr'><strong>orationis</strong></span> <span class='ocrx_word' id='word_1_19' title='bbox 1079 697 1134 760; x_wconf 83' lang='lat' dir='ltr'><strong>ge·</strong></span> <span class='ocrx_word' id='word_1_20' title='bbox 1184 735 1190 742; x_wconf 92' lang='lat'>.</span> 
     </span>
     <span class='ocr_line' id='line_1_5' title="bbox 136 777 1133 864; baseline 0 -26"><span class='ocrx_word' id='word_1_21' title='bbox 136 796 217 838; x_wconf 85' lang='lat' dir='ltr'><strong>nere</strong></span> <span class='ocrx_word' id='word_1_22' title='bbox 244 780 341 859; x_wconf 86' lang='lat' dir='ltr'><strong>paulo</strong></span> <span class='ocrx_word' id='word_1_23' title='bbox 370 779 581 864; x_wconf 82' lang='lat' dir='ltr'><strong>antiquiorem</strong></span> <span class='ocrx_word' id='word_1_24' title='bbox 597 777 698 840; x_wconf 79' lang='lat' dir='ltr'><strong>fuisse</strong></span> <span class='ocrx_word' id='word_1_25' title='bbox 720 799 836 844; x_wconf 87' lang='lat' dir='ltr'><strong>censeo</strong></span> <span class='ocrx_word' id='word_1_26' title='bbox 858 781 1005 858; x_wconf 81' lang='lat' dir='ltr'><strong>Velleio,</strong></span> <span class='ocrx_word' id='word_1_27' title='bbox 1026 797 1133 862; x_wconf 85' lang='lat' dir='ltr'><strong>quam·</strong></span> 
     </span>
     <span class='ocr_line' id='line_1_6' title="bbox 135 882 1165 963; baseline 0.003 -24"><span class='ocrx_word' id='word_1_28' title='bbox 135 899 231 963; x_wconf 84' lang='lat' dir='ltr'><strong>quam</strong></span> <span class='ocrx_word' id='word_1_29' title='bbox 259 901 323 941; x_wconf 94' lang='lat' dir='ltr'><strong>non</strong></span> <span class='ocrx_word' id='word_1_30' title='bbox 349 902 423 945; x_wconf 82' lang='lat' dir='ltr'><strong>sane</strong></span> <span class='ocrx_word' id='word_1_31' title='bbox 455 883 591 944; x_wconf 86' lang='lat' dir='ltr'><strong>multum</strong></span> <span class='ocrx_word' id='word_1_32' title='bbox 611 884 762 962; x_wconf 85' lang='lat' dir='ltr'><strong>interest,</strong></span> <span class='ocrx_word' id='word_1_33' title='bbox 788 883 833 946; x_wconf 87' lang='lat' dir='ltr'><strong>sic</strong></span> <span class='ocrx_word' id='word_1_34' title='bbox 866 893 971 945; x_wconf 88' lang='lat' dir='ltr'><strong>aetate</strong></span> <span class='ocrx_word' id='word_1_35' title='bbox 999 882 1165 944; x_wconf 61' lang='lat' dir='ltr'><strong>anteisset</strong></span> 
     </span>
     <span class='ocr_line' id='line_1_7' title="bbox 134 979 1134 1071; baseline 0.005 -32"><span class='ocrx_word' id='word_1_36' title='bbox 134 979 273 1046; x_wconf 78' lang='lat' dir='ltr'><strong>invenio.</strong></span> <span class='ocrx_word' id='word_1_37' title='bbox 315 983 393 1044; x_wconf 84' lang='lat' dir='ltr'><strong>Nam</strong></span> <span class='ocrx_word' id='word_1_38' title='bbox 413 984 565 1056; x_wconf 84' lang='lat' dir='ltr'><strong>Porcium</strong></span> <span class='ocrx_word' id='word_1_39' title='bbox 585 987 774 1066; x_wconf 81' lang='lat' dir='ltr'><strong>Latronem,</strong></span> <span class='ocrx_word' id='word_1_40' title='bbox 797 987 852 1071; x_wconf 85' lang='lat' dir='ltr'><strong>qui</strong></span> <span class='ocrx_word' id='word_1_41' title='bbox 872 986 1017 1050; x_wconf 83' lang='lat' dir='ltr'><strong>Curtium</strong></span> <span class='ocrx_word' id='word_1_42' title='bbox 1037 985 1070 1044; x_wconf 91' lang='lat' dir='ltr'><strong>in</strong></span> <span class='ocrx_word' id='word_1_43' title='bbox 1089 985 1134 1045; x_wconf 92' lang='lat' dir='ltr'><strong>in·</strong></span> 
     </span>
     <span class='ocr_line' id='line_1_8' title="bbox 134 1080 1135 1171; baseline 0.006 -29"><span class='ocrx_word' id='word_1_44' title='bbox 134 1080 208 1143; x_wconf 89' lang='lat' dir='ltr'><strong>dice</strong></span> <span class='ocrx_word' id='word_1_45' title='bbox 237 1081 381 1145; x_wconf 88' lang='lat' dir='ltr'><strong>Suetonii</strong></span> <span class='ocrx_word' id='word_1_46' title='bbox 412 1085 558 1168; x_wconf 85' lang='lat' dir='ltr'><strong>proxime</strong></span> <span class='ocrx_word' id='word_1_47' title='bbox 590 1087 765 1168; x_wconf 80' lang='lat' dir='ltr'><strong>antecedit,</strong></span> <span class='ocrx_word' id='word_1_48' title='bbox 800 1089 1005 1171; x_wconf 87' lang='lat' dir='ltr'><strong>semetipsum</strong></span> <span class='ocrx_word' id='word_1_49' title='bbox 1031 1086 1135 1150; x_wconf 84' lang='lat' dir='ltr'><strong>inedia</strong></span> 
     </span>
     <span class='ocr_line' id='line_1_9' title="bbox 134 1186 1134 1277; baseline 0.006 -31"><span class='ocrx_word' id='word_1_50' title='bbox 134 1187 335 1249; x_wconf 80' lang='lat' dir='ltr'><strong>interemisse</strong></span> <span class='ocrx_word' id='word_1_51' title='bbox 356 1198 480 1249; x_wconf 85' lang='lat' dir='ltr'><strong>constat</strong></span> <span class='ocrx_word' id='word_1_52' title='bbox 501 1208 540 1249; x_wconf 82' lang='lat' dir='ltr'><strong>ex</strong></span> <span class='ocrx_word' id='word_1_53' title='bbox 560 1186 692 1250; x_wconf 88' lang='lat' dir='ltr'><strong>Eusebii</strong></span> <span class='ocrx_word' id='word_1_54' title='bbox 715 1189 867 1253; x_wconf 88' lang='lat' dir='ltr'><strong>chronico</strong></span> <span class='ocrx_word' id='word_1_55' title='bbox 892 1193 1134 1277; x_wconf 85' lang='lat' dir='ltr'><strong>quadragesimo</strong></span> 
     </span>
     <span class='ocr_line' id='line_1_10' title="bbox 134 1288 1134 1372; baseline 0.006 -24"><span class='ocrx_word' id='word_1_56' title='bbox 134 1288 263 1369; x_wconf 84' lang='lat' dir='ltr'><strong>imperii</strong></span> <span class='ocrx_word' id='word_1_57' title='bbox 283 1289 420 1372; x_wconf 79' lang='lat' dir='ltr'><strong>Augusti</strong></span> <span class='ocrx_word' id='word_1_58' title='bbox 448 1310 545 1368; x_wconf 90' lang='lat' dir='ltr'><strong>anno,</strong></span> <span class='ocrx_word' id='word_1_59' title='bbox 574 1294 608 1354; x_wconf 88' lang='lat' dir='ltr'><strong>id</strong></span> <span class='ocrx_word' id='word_1_60' title='bbox 635 1304 736 1354; x_wconf 90' lang='lat' dir='ltr'><strong>estu.</strong></span> <span class='ocrx_word' id='word_1_61' title='bbox 765 1313 792 1358; x_wconf 85' lang='lat' dir='ltr'><strong>c.</strong></span> <span class='ocrx_word' id='word_1_62' title='bbox 814 1295 892 1371; x_wconf 84' lang='lat'><strong>751,</strong></span> <span class='ocrx_word' id='word_1_63' title='bbox 918 1308 989 1358; x_wconf 86' lang='lat' dir='ltr'><strong>ante</strong></span> <span class='ocrx_word' id='word_1_64' title='bbox 1017 1294 1074 1356; x_wconf 90' lang='lat' dir='ltr'><strong>Ch.</strong></span> <span class='ocrx_word' id='word_1_65' title='bbox 1100 1315 1134 1354; x_wconf 76' lang='lat' dir='ltr'><strong>n·</strong></span> 
     </span>
     <span class='ocr_line' id='line_1_11' title="bbox 137 1393 1135 1477; baseline 0.003 -25"><span class='ocrx_word' id='word_1_66' title='bbox 137 1393 253 1470; x_wconf 89' lang='lat' dir='ltr'><strong>tertio,</strong></span> <span class='ocrx_word' id='word_1_67' title='bbox 283 1394 393 1453; x_wconf 87' lang='lat' dir='ltr'><strong>aetatis</strong></span> <span class='ocrx_word' id='word_1_68' title='bbox 425 1416 507 1459; x_wconf 78' lang='lat' dir='ltr'><strong>auno</strong></span> <span class='ocrx_word' id='word_1_69' title='bbox 539 1393 645 1454; x_wconf 80' lang='lat' dir='ltr'><strong>ferme</strong></span> <span class='ocrx_word' id='word_1_70' title='bbox 676 1394 786 1476; x_wconf 91' lang='lat' dir='ltr'><strong>quinto</strong></span> <span class='ocrx_word' id='word_1_71' title='bbox 808 1405 842 1458; x_wconf 85' lang='lat' dir='ltr'><strong>et</strong></span> <span class='ocrx_word' id='word_1_72' title='bbox 862 1393 1135 1477; x_wconf 86' lang='lat' dir='ltr'><strong>quinquagesimo.</strong></span> 
     </span>
     <span class='ocr_line' id='line_1_12' title="bbox 134 1493 1136 1580; baseline -0.001 -26"><span class='ocrx_word' id='word_1_73' title='bbox 134 1493 212 1558; x_wconf 86' lang='lat' dir='ltr'><strong>Fuit</strong></span> <span class='ocrx_word' id='word_1_74' title='bbox 233 1494 317 1554; x_wconf 88' lang='lat' dir='ltr'><strong>enim</strong></span> <span class='ocrx_word' id='word_1_75' title='bbox 337 1496 376 1558; x_wconf 86' lang='lat' dir='ltr'><strong>L.</strong></span> <span class='ocrx_word' id='word_1_76' title='bbox 398 1495 539 1558; x_wconf 83' lang='lat' dir='ltr'><strong>Senecae</strong></span> <span class='ocrx_word' id='word_1_77' title='bbox 569 1494 709 1570; x_wconf 77' lang='lat' dir='ltr'><strong>rhetoris</strong></span> <span class='ocrx_word' id='word_1_78' title='bbox 731 1495 864 1572; x_wconf 87' lang='lat' dir='ltr'><strong>sodalis,</strong></span> <span class='ocrx_word' id='word_1_79' title='bbox 885 1515 981 1580; x_wconf 85' lang='lat' dir='ltr'><strong>quem</strong></span> <span class='ocrx_word' id='word_1_80' title='bbox 1003 1513 1136 1574; x_wconf 30' lang='lat' dir='ltr'><strong>exipso-</strong></span> 
     </span>
     <span class='ocr_line' id='line_1_13' title="bbox 136 1596 1135 1684; baseline -0.004 -24"><span class='ocrx_word' id='word_1_81' title='bbox 136 1597 243 1661; x_wconf 84' lang='lat' dir='ltr'><strong>oemio</strong></span> <span class='ocrx_word' id='word_1_82' title='bbox 264 1596 340 1656; x_wconf 89' lang='lat' dir='ltr'><strong>libri</strong></span> <span class='ocrx_word' id='word_1_83' title='bbox 358 1596 455 1676; x_wconf 89' lang='lat' dir='ltr'><strong>primi</strong></span> <span class='ocrx_word' id='word_1_84' title='bbox 484 1599 784 1662; x_wconf 82' lang='lat' dir='ltr'><strong>Controversiarum</strong></span> <span class='ocrx_word' id='word_1_85' title='bbox 810 1599 1034 1684; x_wconf 84' lang='lat' dir='ltr'><strong>intelligimus,</strong></span> <span class='ocrx_word' id='word_1_86' title='bbox 1055 1613 1135 1676; x_wconf 86' lang='lat' dir='ltr'><strong>anno</strong></span> 
     </span>
     <span class='ocr_line' id='line_1_14' title="bbox 136 1697 1136 1778; baseline -0.002 -18"><span class='ocrx_word' id='word_1_87' title='bbox 136 1723 171 1762; x_wconf 88' lang='lat' dir='ltr'><strong>u.</strong></span> <span class='ocrx_word' id='word_1_88' title='bbox 194 1719 221 1760; x_wconf 87' lang='lat' dir='ltr'><strong>c.</strong></span> <span class='ocrx_word' id='word_1_89' title='bbox 241 1698 322 1778; x_wconf 67' lang='lat'>7112.</span> <span class='ocrx_word' id='word_1_90' title='bbox 336 1717 373 1759; x_wconf 86' lang='lat' dir='ltr'><strong>ee</strong></span> <span class='ocrx_word' id='word_1_91' title='bbox 394 1709 499 1762; x_wconf 88' lang='lat' dir='ltr'><strong>aetate</strong></span> <span class='ocrx_word' id='word_1_92' title='bbox 519 1701 636 1778; x_wconf 86' lang='lat' dir='ltr'><strong>i&#39;uissc,</strong></span> <span class='ocrx_word' id='word_1_93' title='bbox 660 1713 696 1762; x_wconf 90' lang='lat' dir='ltr'><strong>ut</strong></span> <span class='ocrx_word' id='word_1_94' title='bbox 716 1701 903 1764; x_wconf 87' lang='lat' dir='ltr'><strong>Ciceronem</strong></span> <span class='ocrx_word' id='word_1_95' title='bbox 924 1699 1012 1763; x_wconf 90' lang='lat' dir='ltr'><strong>domi</strong></span> <span class='ocrx_word' id='word_1_96' title='bbox 1031 1697 1136 1760; x_wconf 87' lang='lat' dir='ltr'><strong>decla·</strong></span> 
     </span>
     <span class='ocr_line' id='line_1_15' title="bbox 137 1801 1135 1884; baseline -0.004 -24"><span class='ocrx_word' id='word_1_97' title='bbox 137 1813 276 1862; x_wconf 83' lang='lat' dir='ltr'><strong>mantem</strong></span> <span class='ocrx_word' id='word_1_98' title='bbox 297 1801 407 1863; x_wconf 88' lang='lat' dir='ltr'><strong>audire</strong></span> <span class='ocrx_word' id='word_1_99' title='bbox 427 1804 582 1884; x_wconf 82' lang='lat' dir='ltr'><strong>potuerit.</strong></span> <span class='ocrx_word' id='word_1_100' title='bbox 619 1802 672 1864; x_wconf 88' lang='lat' dir='ltr'><strong>Sic</strong></span> <span class='ocrx_word' id='word_1_101' title='bbox 693 1803 775 1864; x_wconf 89' lang='lat' dir='ltr'><strong>enim</strong></span> <span class='ocrx_word' id='word_1_102' title='bbox 799 1805 869 1867; x_wconf 82' lang='lat' dir='ltr'><strong>ille:</strong></span> <span class='ocrx_word' id='word_1_103' title='bbox 903 1807 947 1869; x_wconf 81' lang='lat' dir='ltr'><strong>Nc</strong></span> <span class='ocrx_word' id='word_1_104' title='bbox 969 1805 1135 1865; x_wconf 79' lang='lat' dir='ltr'><strong>Ciceronem</strong></span> 
     </span>
     <span class='ocr_line' id='line_1_16' title="bbox 137 1899 1137 1988; baseline -0.005 -25"><span class='ocrx_word' id='word_1_105' title='bbox 137 1903 357 1986; x_wconf 78' lang='lat' dir='ltr'><strong>quidemaetas</strong></span> <span class='ocrx_word' id='word_1_106' title='bbox 377 1907 451 1966; x_wconf 80' lang='lat' dir='ltr'><strong>milri</strong></span> <span class='ocrx_word' id='word_1_107' title='bbox 471 1916 633 1988; x_wconf 80' lang='lat' dir='ltr'><strong>eripuerat,</strong></span> <span class='ocrx_word' id='word_1_108' title='bbox 656 1905 711 1966; x_wconf 86' lang='lat' dir='ltr'><strong>sed</strong></span> <span class='ocrx_word' id='word_1_109' title='bbox 731 1907 870 1968; x_wconf 84' lang='lat' dir='ltr'><strong>bellorum</strong></span> <span class='ocrx_word' id='word_1_110' title='bbox 892 1907 1021 1966; x_wconf 77' lang='lat' dir='ltr'><strong>civilium</strong></span> <span class='ocrx_word' id='word_1_111' title='bbox 1033 1899 1137 1980; x_wconf 80' lang='lat' dir='ltr'><strong>seror,</strong></span> 
     </span>
     <span class='ocr_line' id='line_1_17' title="bbox 138 2008 1137 2090; baseline -0.003 -26"><span class='ocrx_word' id='word_1_112' title='bbox 138 2013 186 2087; x_wconf 68' lang='lat' dir='ltr'><strong>gui</strong></span> <span class='ocrx_word' id='word_1_113' title='bbox 212 2018 280 2065; x_wconf 81' lang='lat' dir='ltr'><strong>tunc</strong></span> <span class='ocrx_word' id='word_1_114' title='bbox 302 2008 399 2068; x_wconf 83' lang='lat' dir='ltr'><strong>orbem</strong></span> <span class='ocrx_word' id='word_1_115' title='bbox 419 2011 662 2090; x_wconf 76' lang='lat' dir='ltr'><strong>pervagabatur,</strong></span> <span class='ocrx_word' id='word_1_116' title='bbox 691 2016 774 2070; x_wconf 85' lang='lat' dir='ltr'><strong>intra</strong></span> <span class='ocrx_word' id='word_1_117' title='bbox 801 2011 946 2070; x_wconf 85' lang='lat' dir='ltr'><strong>coloniam</strong></span> <span class='ocrx_word' id='word_1_118' title='bbox 973 2027 1067 2067; x_wconf 78' lang='lat' dir='ltr'><strong>nicam</strong></span> <span class='ocrx_word' id='word_1_119' title='bbox 1093 2023 1137 2061; x_wconf 79' lang='lat' dir='ltr'><strong>me</strong></span> 
     </span>
     <span class='ocr_line' id='line_1_18' title="bbox 138 2105 1137 2195; baseline 0.002 -28"><span class='ocrx_word' id='word_1_120' title='bbox 138 2115 291 2168; x_wconf 82' lang='lat' dir='ltr'><strong>continuit.</strong></span> <span class='ocrx_word' id='word_1_121' title='bbox 332 2109 468 2192; x_wconf 76' lang='lat' dir='ltr'><strong>Alioquin</strong></span> <span class='ocrx_word' id='word_1_122' title='bbox 497 2121 527 2172; x_wconf 89' lang='lat' dir='ltr'><strong>in</strong></span> <span class='ocrx_word' id='word_1_123' title='bbox 554 2115 618 2174; x_wconf 84' lang='lat' dir='ltr'><strong>illo¹</strong></span> <span class='ocrx_word' id='word_1_124' title='bbox 633 2115 763 2184; x_wconf 82' lang='lat' dir='ltr'><strong>atriolo,</strong></span> <span class='ocrx_word' id='word_1_125' title='bbox 785 2122 888 2195; x_wconf 81' lang='lat' dir='ltr'><strong>inquo</strong></span> <span class='ocrx_word' id='word_1_126' title='bbox 910 2112 982 2172; x_wconf 86' lang='lat' dir='ltr'><strong>dnos</strong></span> <span class='ocrx_word' id='word_1_127' title='bbox 1009 2105 1137 2186; x_wconf 73' lang='lat' dir='ltr'><strong>grandes</strong></span> 
     </span>
     <span class='ocr_line' id='line_1_19' title="bbox 136 2213 1137 2294; baseline -0.004 -22"><span class='ocrx_word' id='word_1_128' title='bbox 136 2223 349 2292; x_wconf 74' lang='lat' dir='ltr'><strong>praetextatos</strong></span> <span class='ocrx_word' id='word_1_129' title='bbox 371 2213 525 2294; x_wconf 88' lang='lat' dir='ltr'><strong>(Hirtium</strong></span> <span class='ocrx_word' id='word_1_130' title='bbox 554 2229 587 2280; x_wconf 87' lang='lat' dir='ltr'><strong>ct</strong></span> <span class='ocrx_word' id='word_1_131' title='bbox 607 2219 740 2278; x_wconf 85' lang='lat' dir='ltr'><strong>Pansam</strong></span> <span class='ocrx_word' id='word_1_132' title='bbox 764 2213 934 2294; x_wconf 83' lang='lat' dir='ltr'><strong>Consules)</strong></span> <span class='ocrx_word' id='word_1_133' title='bbox 964 2223 1011 2274; x_wconf 85' lang='lat' dir='ltr'><strong>ait</strong></span> <span class='ocrx_word' id='word_1_134' title='bbox 1042 2230 1137 2271; x_wconf 85' lang='lat' dir='ltr'><strong>secum</strong></span> 
     </span>
     <span class='ocr_line' id='line_1_20' title="bbox 138 2315 1143 2402; baseline 0 -28"><span class='ocrx_word' id='word_1_135' title='bbox 138 2315 305 2375; x_wconf 81' lang='lat' dir='ltr'><strong>declamare</strong></span> <span class='ocrx_word' id='word_1_136' title='bbox 325 2317 444 2387; x_wconf 85' lang='lat' dir='ltr'><strong>solitos,</strong></span> <span class='ocrx_word' id='word_1_137' title='bbox 461 2329 547 2402; x_wconf 85' lang='lat' dir='ltr'><strong>potui</strong></span> <span class='ocrx_word' id='word_1_138' title='bbox 569 2321 643 2380; x_wconf 84' lang='lat' dir='ltr'><strong>illud</strong></span> <span class='ocrx_word' id='word_1_139' title='bbox 662 2327 820 2396; x_wconf 75' lang='lat' dir='ltr'><strong>ingenium,</strong></span> <span class='ocrx_word' id='word_1_140' title='bbox 843 2318 923 2402; x_wconf 86' lang='lat' dir='ltr'><strong>quod</strong></span> <span class='ocrx_word' id='word_1_141' title='bbox 938 2317 1031 2376; x_wconf 83' lang='lat' dir='ltr'><strong>solum</strong></span> <span class='ocrx_word' id='word_1_142' title='bbox 1046 2321 1143 2390; x_wconf 59' lang='lat' dir='ltr'><strong>popuw&#39;</strong></span> 
     </span>
     <span class='ocr_line' id='line_1_21' title="bbox 136 2412 1137 2508; baseline -0.005 -32"><span class='ocrx_word' id='word_1_143' title='bbox 136 2418 180 2476; x_wconf 88' lang='lat' dir='ltr'><strong>lus</strong></span> <span class='ocrx_word' id='word_1_144' title='bbox 200 2419 287 2478; x_wconf 80' lang='lat' dir='ltr'><strong>Rom.</strong></span> <span class='ocrx_word' id='word_1_145' title='bbox 307 2439 367 2495; x_wconf 78' lang='lat' dir='ltr'><strong>par</strong></span> <span class='ocrx_word' id='word_1_146' title='bbox 389 2426 511 2499; x_wconf 81' lang='lat' dir='ltr'><strong>imperio</strong></span> <span class='ocrx_word' id='word_1_147' title='bbox 532 2443 583 2480; x_wconf 86' lang='lat' dir='ltr'><strong>suc</strong></span> <span class='ocrx_word' id='word_1_148' title='bbox 604 2423 722 2490; x_wconf 86' lang='lat' dir='ltr'><strong>habuit,</strong></span> <span class='ocrx_word' id='word_1_149' title='bbox 744 2441 925 2502; x_wconf 62' lang='lat' dir='ltr'><strong>cognoscere.</strong></span> <span class='ocrx_word' id='word_1_150' title='bbox 947 2412 1137 2508; x_wconf 75' lang='lat' dir='ltr'><strong>Quindecim</strong></span> 
     </span>
    </p>
   </div>
   <div class='ocr_carea' id='block_1_3' title="bbox 30 2514 1138 2600">
    <p class='ocr_par' dir='ltr' id='par_1_4' title="bbox 30 2514 1138 2600">
     <span class='ocr_line' id='line_1_22' title="bbox 30 2514 1138 2600; baseline -0.003 -24"><span class='ocrx_word' id='word_1_151' title='bbox 30 2517 38 2534; x_wconf 70' lang='lat'>²</span> <span class='ocrx_word' id='word_1_152' title='bbox 139 2537 236 2576; x_wconf 87' lang='lat' dir='ltr'><strong>annos</strong></span> <span class='ocrx_word' id='word_1_153' title='bbox 252 2528 320 2574; x_wconf 90' lang='lat' dir='ltr'><strong>tum</strong></span> <span class='ocrx_word' id='word_1_154' title='bbox 341 2531 448 2579; x_wconf 86' lang='lat' dir='ltr'><strong>natum</strong></span> <span class='ocrx_word' id='word_1_155' title='bbox 469 2519 569 2580; x_wconf 89' lang='lat' dir='ltr'><strong>fuisse</strong></span> <span class='ocrx_word' id='word_1_156' title='bbox 588 2518 754 2600; x_wconf 76' lang='lat' dir='ltr'><strong>ponamus,</strong></span> <span class='ocrx_word' id='word_1_157' title='bbox 775 2520 831 2596; x_wconf 83' lang='lat' dir='ltr'><strong>sic,</strong></span> <span class='ocrx_word' id='word_1_158' title='bbox 852 2518 984 2578; x_wconf 88' lang='lat' dir='ltr'><strong>adiectis</strong></span> <span class='ocrx_word' id='word_1_159' title='bbox 1006 2514 1138 2600; x_wconf 85' lang='lat' dir='ltr'><strong>quadra·</strong></span> 
     </span>
    </p>
   </div>
   <div class='ocr_carea' id='block_1_4' title="bbox 87 2616 1138 3422">
    <p class='ocr_par' dir='ltr' id='par_1_5' title="bbox 87 2616 1138 3422">
     <span class='ocr_line' id='line_1_23' title="bbox 139 2616 1138 2701; baseline 0.002 -23"><span class='ocrx_word' id='word_1_160' title='bbox 139 2621 224 2701; x_wconf 85' lang='lat' dir='ltr'><strong>ginta</strong></span> <span class='ocrx_word' id='word_1_161' title='bbox 245 2617 341 2692; x_wconf 88' lang='lat' dir='ltr'><strong>annis,</strong></span> <span class='ocrx_word' id='word_1_162' title='bbox 364 2618 418 2700; x_wconf 87' lang='lat' dir='ltr'><strong>qui</strong></span> <span class='ocrx_word' id='word_1_163' title='bbox 438 2620 521 2680; x_wconf 89' lang='lat' dir='ltr'><strong>inter</strong></span> <span class='ocrx_word' id='word_1_164' title='bbox 541 2621 614 2682; x_wconf 86' lang='lat' dir='ltr'><strong>illos</strong></span> <span class='ocrx_word' id='word_1_165' title='bbox 636 2621 790 2682; x_wconf 80' lang='lat' dir='ltr'><strong>Consules</strong></span> <span class='ocrx_word' id='word_1_166' title='bbox 812 2632 845 2682; x_wconf 89' lang='lat' dir='ltr'><strong>et</strong></span> <span class='ocrx_word' id='word_1_167' title='bbox 866 2641 978 2682; x_wconf 87' lang='lat' dir='ltr'><strong>annum</strong></span> <span class='ocrx_word' id='word_1_168' title='bbox 999 2631 1071 2693; x_wconf 81' lang='lat'><strong>751·</strong></span> <span class='ocrx_word' id='word_1_169' title='bbox 1093 2616 1138 2680; x_wconf 58' lang='lat' dir='ltr'><strong>ine</strong></span> 
     </span>
     <span class='ocr_line' id='line_1_24' title="bbox 138 2715 1134 2808; baseline -0.007 -22"><span class='ocrx_word' id='word_1_170' title='bbox 138 2735 278 2800; x_wconf 90' lang='lat' dir='ltr'><strong>tersunt,</strong></span> <span class='ocrx_word' id='word_1_171' title='bbox 312 2715 500 2801; x_wconf 75' lang='lat' dir='ltr'><strong>numerum,</strong></span> <span class='ocrx_word' id='word_1_172' title='bbox 534 2745 630 2808; x_wconf 92' lang='lat' dir='ltr'><strong>quem</strong></span> <span class='ocrx_word' id='word_1_173' title='bbox 660 2743 756 2804; x_wconf 89' lang='lat' dir='ltr'><strong>supra</strong></span> <span class='ocrx_word' id='word_1_174' title='bbox 785 2726 896 2808; x_wconf 84' lang='lat' dir='ltr'><strong>posui,</strong></span> <span class='ocrx_word' id='word_1_175' title='bbox 936 2720 1134 2783; x_wconf 88' lang='lat' dir='ltr'><strong>habebimus.</strong></span> 
     </span>
     <span class='ocr_line' id='line_1_25' title="bbox 139 2821 1137 2916; baseline -0.006 -28"><span class='ocrx_word' id='word_1_176' title='bbox 139 2828 264 2916; x_wconf 81' lang='lat' dir='ltr'><strong>Quodsi</strong></span> <span class='ocrx_word' id='word_1_177' title='bbox 283 2826 346 2887; x_wconf 86' lang='lat' dir='ltr'><strong>tale</strong></span> <span class='ocrx_word' id='word_1_178' title='bbox 371 2826 540 2888; x_wconf 88' lang='lat' dir='ltr'><strong>discrimen</strong></span> <span class='ocrx_word' id='word_1_179' title='bbox 560 2826 668 2888; x_wconf 88' lang='lat' dir='ltr'><strong>aetatis</strong></span> <span class='ocrx_word' id='word_1_180' title='bbox 689 2825 862 2890; x_wconf 88' lang='lat' dir='ltr'><strong>interillos</strong></span> <span class='ocrx_word' id='word_1_181' title='bbox 883 2829 1031 2890; x_wconf 85' lang='lat' dir='ltr'><strong>rhetores</strong></span> <span class='ocrx_word' id='word_1_182' title='bbox 1053 2821 1137 2904; x_wconf 87' lang='lat' dir='ltr'><strong>apud</strong></span> 
     </span>
     <span class='ocr_line' id='line_1_26' title="bbox 87 2929 1136 3010; baseline 0.004 -25"><span class='ocrx_word' id='word_1_183' title='bbox 87 2977 89 2985; x_wconf 80' lang='grc'>,</span> <span class='ocrx_word' id='word_1_184' title='bbox 139 2929 326 2990; x_wconf 85' lang='lat' dir='ltr'><strong>Suetonium</strong></span> <span class='ocrx_word' id='word_1_185' title='bbox 346 2940 492 3010; x_wconf 87' lang='lat' dir='ltr'><strong>putamus</strong></span> <span class='ocrx_word' id='word_1_186' title='bbox 516 2929 719 3006; x_wconf 72' lang='lat' dir='ltr'><strong>interfuisse,</strong></span> <span class='ocrx_word' id='word_1_187' title='bbox 749 2942 784 2992; x_wconf 88' lang='lat' dir='ltr'><strong>ut</strong></span> <span class='ocrx_word' id='word_1_188' title='bbox 810 2932 891 2990; x_wconf 90' lang='lat' dir='ltr'><strong>alter</strong></span> <span class='ocrx_word' id='word_1_189' title='bbox 917 2929 1038 2991; x_wconf 87' lang='lat' dir='ltr'><strong>iuvenis</strong></span> <span class='ocrx_word' id='word_1_190' title='bbox 1061 2929 1136 2990; x_wconf 91' lang='lat' dir='ltr'><strong>alte·</strong></span> 
     </span>
     <span class='ocr_line' id='line_1_27' title="bbox 137 3029 1138 3115; baseline 0.004 -25"><span class='ocrx_word' id='word_1_191' title='bbox 137 3051 208 3090; x_wconf 89' lang='lat' dir='ltr'><strong>rum</strong></span> <span class='ocrx_word' id='word_1_192' title='bbox 230 3029 335 3093; x_wconf 86' lang='lat' dir='ltr'><strong>virum</strong></span> <span class='ocrx_word' id='word_1_193' title='bbox 359 3043 392 3091; x_wconf 90' lang='lat' dir='ltr'><strong>et</strong></span> <span class='ocrx_word' id='word_1_194' title='bbox 411 3052 520 3094; x_wconf 83' lang='lat' dir='ltr'><strong>senem</strong></span> <span class='ocrx_word' id='word_1_195' title='bbox 541 3032 670 3110; x_wconf 85' lang='lat' dir='ltr'><strong>viderit,</strong></span> <span class='ocrx_word' id='word_1_196' title='bbox 687 3032 834 3115; x_wconf 80' lang='lat' dir='ltr'><strong>Curtium</strong></span> <span class='ocrx_word' id='word_1_197' title='bbox 853 3053 917 3094; x_wconf 87' lang='lat' dir='ltr'><strong>non</strong></span> <span class='ocrx_word' id='word_1_198' title='bbox 940 3033 1042 3096; x_wconf 87' lang='lat' dir='ltr'><strong>multo</strong></span> <span class='ocrx_word' id='word_1_199' title='bbox 1063 3045 1138 3114; x_wconf 81' lang='lat' dir='ltr'><strong>post</strong></span> 
     </span>
     <span class='ocr_line' id='line_1_28' title="bbox 102 3133 1137 3218; baseline 0.004 -28"><span class='ocrx_word' id='word_1_200' title='bbox 102 3137 104 3140; x_wconf 81' lang='grc'><strong>’</strong></span> <span class='ocrx_word' id='word_1_201' title='bbox 139 3133 302 3196; x_wconf 84' lang='lat' dir='ltr'><strong>Christum</strong></span> <span class='ocrx_word' id='word_1_202' title='bbox 325 3145 448 3212; x_wconf 70' lang='lat' dir='ltr'><strong>natum,</strong></span> <span class='ocrx_word' id='word_1_203' title='bbox 468 3136 529 3212; x_wconf 85' lang='lat' dir='ltr'><strong>vel,</strong></span> <span class='ocrx_word' id='word_1_204' title='bbox 551 3147 588 3196; x_wconf 93' lang='lat' dir='ltr'><strong>ut</strong></span> <span class='ocrx_word' id='word_1_205' title='bbox 609 3137 726 3197; x_wconf 84' lang='lat' dir='ltr'><strong>certius</strong></span> <span class='ocrx_word' id='word_1_206' title='bbox 748 3136 860 3213; x_wconf 87' lang='lat' dir='ltr'><strong>dicam,</strong></span> <span class='ocrx_word' id='word_1_207' title='bbox 882 3137 952 3218; x_wconf 86' lang='lat' dir='ltr'><strong>ipso</strong></span> <span class='ocrx_word' id='word_1_208' title='bbox 981 3136 1037 3198; x_wconf 89' lang='lat' dir='ltr'><strong>illo</strong></span> <span class='ocrx_word' id='word_1_209' title='bbox 1058 3147 1137 3197; x_wconf 87' lang='lat' dir='ltr'><strong>tem·</strong></span> 
     </span>
     <span class='ocr_line' id='line_1_29' title="bbox 138 3227 1136 3320; baseline -0.001 -23"><span class='ocrx_word' id='word_1_210' title='bbox 138 3257 231 3315; x_wconf 84' lang='lat' dir='ltr'><strong>pore,</strong></span> <span class='ocrx_word' id='word_1_211' title='bbox 254 3258 318 3320; x_wconf 91' lang='lat' dir='ltr'><strong>quo</strong></span> <span class='ocrx_word' id='word_1_212' title='bbox 340 3251 423 3297; x_wconf 85' lang='lat' dir='ltr'><strong>nova</strong></span> <span class='ocrx_word' id='word_1_213' title='bbox 443 3235 497 3296; x_wconf 80' lang='lat' dir='ltr'><strong>lux</strong></span> <span class='ocrx_word' id='word_1_214' title='bbox 517 3227 628 3316; x_wconf 82' lang='lat' dir='ltr'><strong>generi</strong></span> <span class='ocrx_word' id='word_1_215' title='bbox 647 3237 785 3299; x_wconf 89' lang='lat' dir='ltr'><strong>humano</strong></span> <span class='ocrx_word' id='word_1_216' title='bbox 808 3249 880 3298; x_wconf 84' lang='lat' dir='ltr'><strong>orta</strong></span> <span class='ocrx_word' id='word_1_217' title='bbox 905 3251 964 3316; x_wconf 88' lang='lat' dir='ltr'><strong>est,</strong></span> <span class='ocrx_word' id='word_1_218' title='bbox 988 3237 1136 3299; x_wconf 84' lang='lat' dir='ltr'><strong>iuvenem</strong></span> 
     </span>
     <span class='ocr_line' id='line_1_30' title="bbox 138 3337 1136 3422; baseline 0.002 -26"><span class='ocrx_word' id='word_1_219' title='bbox 138 3337 264 3421; x_wconf 87' lang='lat' dir='ltr'><strong>triginta</strong></span> <span class='ocrx_word' id='word_1_220' title='bbox 292 3338 397 3402; x_wconf 84' lang='lat' dir='ltr'><strong>l&#39;erme</strong></span> <span class='ocrx_word' id='word_1_221' title='bbox 426 3351 458 3401; x_wconf 90' lang='lat' dir='ltr'><strong>et</strong></span> <span class='ocrx_word' id='word_1_222' title='bbox 484 3337 580 3422; x_wconf 89' lang='lat' dir='ltr'><strong>paulo</strong></span> <span class='ocrx_word' id='word_1_223' title='bbox 616 3339 748 3421; x_wconf 86' lang='lat' dir='ltr'><strong>amplius</strong></span> <span class='ocrx_word' id='word_1_224' title='bbox 784 3359 937 3400; x_wconf 90' lang='lat' dir='ltr'><strong>annorum</strong></span> <span class='ocrx_word' id='word_1_225' title='bbox 971 3338 1136 3420; x_wconf 84' lang='lat' dir='ltr'><strong>scripsisse</strong></span> 
     </span>
    </p>
   </div>
   <div class='ocr_carea' id='block_1_5' title="bbox 0 0 1328 3860">
    <p class='ocr_par' dir='ltr' id='par_1_6' title="bbox 0 0 1328 3860">
     <span class='ocr_line' id='line_1_31' title="bbox 0 0 1328 3860; baseline 0 0"><span class='ocrx_word' id='word_1_226' title='bbox 0 0 1328 3860; x_wconf 95' lang='lat' dir='ltr'><strong> </strong></span> 
     </span>
    </p>
   </div>
  </div>
 </body>
</html>
