2660 3864
193 359 228 411 46
467 372 483 382 ··
568 350 590 400 1.
608 349 826 402 FliElNSllEMll

194 499 298 575 heret,
318 497 487 560 admiratus
502 496 635 560 Macedo
657 497 772 560 dixisse
792 495 909 576 fertur,
929 496 1108 582 Diogenem
1127 521 1196 563 esse

194 580 346 656 voluisse,
363 579 397 639 ni
409 579 590 640 Alexander
610 589 704 640 esset.
746 578 875 640 Scilicet
887 580 1070 662 magnitudo
1092 582 1196 650 animi,
1236 645 1240 652 ,

194 661 249 745 qui
278 681 317 720 ex
343 658 408 720 alto
434 659 616 742 despiceret
644 658 765 736 omnia,
814 679 930 722 uorum
961 679 1054 722 causa
1083 663 1197 744 reliqui

193 740 344 802 mortales
372 742 559 822 semetipsos
589 739 704 820 cupide
728 681 883 820 perdunt,
910 761 973 802 non
993 741 1086 822 plane
1107 743 1197 803 falle-

192 822 246 883 bat
264 831 404 880 mentem
424 819 570 882 acerrimi
591 819 732 895 iuvenis,
754 819 811 880 sed
833 819 1006 881 obcoecata
1020 822 1198 903 cupiditati-

192 902 252 962 bus
271 899 444 982 pervidere
464 919 527 960 non
547 909 684 980 poterat,
726 911 823 962 uento
844 900 956 960 melius
978 914 1064 963 esset
1083 922 1195 964 carere

191 981 398 1062 supervacuis
420 980 547 1062 opibus,
567 1000 662 1062 quam
682 978 722 1038 ha
745 999 801 1041 ere
823 981 1014 1042 necessarias
1067 983 1116 1042 Ex
1136 985 1197 1043 Pe-

192 1063 366 1143 loponneso
387 1059 532 1141 Delphos
552 1059 667 1135 invisit,
688 1059 868 1140 Apollinem
897 1059 937 1120 de
962 1073 1079 1122 eventu
1103 1063 1197 1141 belli,

192 1141 280 1226 quod
300 1139 508 1213 moliebatur,
534 1139 743 1216 consulturus.
785 1138 850 1200 Sed
880 1140 970 1224 virgo
993 1141 1122 1204 fatidica
1141 1165 1195 1204 nes

192 1222 286 1302 gabat
312 1218 357 1300 ¹²⁸)
382 1240 442 1302 per
472 1239 528 1282 eos
555 1218 623 1280 dies
654 1218 733 1279 adiri
759 1222 866 1281 Deum
893 1219 941 1282 fas
973 1241 1061 1284 esse:
1093 1222 1196 1286 donec

191 1303 260 1384 ipse
289 1321 328 1363 co
358 1312 531 1382 provectus
568 1298 600 1359 vi
629 1299 785 1381 corripuit
807 1301 961 1383 virginem
992 1315 1025 1364 et
1053 1304 1091 1364 ad
1118 1316 1196 1365 tem-

105 1387 122 1459 ⁸,
191 1384 281 1466 plum
296 1381 402 1442 traxit.
443 1379 507 1441 Sed
528 1399 599 1440 cum
618 1379 702 1440 inter
723 1380 862 1441 eundum
883 1381 946 1460 illa,
967 1384 1108 1464 patrium
1129 1405 1196 1445 mo-

124 1472 128 1482 ’
191 1483 260 1524 rem
282 1461 454 1543 pertinacia
475 1459 560 1542 regis
581 1459 700 1520 victum
723 1472 892 1544 reputans,
913 1467 1118 1525 exclamasset
1141 1465 1196 1543 ¹⁵),

146 1541 162 1584 '⁸
191 1543 327 1603 invictus
348 1561 401 1617 es,
421 1539 485 1617 lili3
513 1540 662 1622 accipere
678 1561 771 1602 omen
792 1541 881 1619 dixit,
900 1563 960 1604 nec
981 1545 1043 1605 alio
1064 1546 1195 1606 oraculo

191 1621 253 1684 sibi
273 1641 354 1703 opus
384 1641 464 1681 esse.
505 1619 563 1678 His
587 1619 685 1681 rebus
711 1621 863 1682 celeriter
883 1622 1051 1704 confectis,
1070 1625 1103 1684 in
1124 1645 1196 1708 reg-

190 1723 266 1763 num
298 1719 482 1784 regressus,
517 1719 640 1782 summo
672 1701 777 1762 studio
811 1701 843 1762 in
872 1703 1043 1765 vindictam
1071 1718 1195 1788 spretae

190 1780 402 1844 Macedonum
430 1779 601 1840 maiestatis
632 1780 786 1847 incubuit.
835 1784 967 1868 lamque
998 1787 1196 1866 praeparatis

190 1860 346 1936 omnibus,
365 1881 445 1924 rere
464 1881 549 1924 novo
571 1879 610 1921 ex
631 1861 816 1944 Amphipoli
835 1884 967 1927 movens
986 1865 1139 1926 adversus
1160 1865 1195 1922 li-

189 1944 283 2006 beras
303 1942 457 2003 Thraciae
477 1953 599 2024 gentes,
621 1941 752 2002 decimis
773 1943 883 2002 castris
910 1944 949 2002 ad
970 1954 1110 2003 montem
1131 1944 1194 2002 Ae·

189 2039 275 2084 mum
295 2022 453 2104 pervenit.
493 2022 606 2103 Magna
632 2020 676 2100 ¹0)
702 2020 861 2080 Thracum
880 2041 988 2080 manus
1008 2021 1118 2103 iugum
1141 2041 1194 2081 oc-

145 2104 373 2242 pleepaverat,
392 2102 526 2163 transitu
541 2100 741 2182 prohibitura
755 2118 878 2180 regem.
920 2100 1031 2160 Castra
1045 2101 1193 2182 plaustris

189 2183 220 2243 in
242 2182 373 2244 modum
393 2183 466 2244 valli
491 2179 776 2254 circumdederant,
797 2199 858 2259 pro
882 2178 985 2238 ulsuri
1005 2179 1037 2240 in
1057 2180 1193 2259 hostem,

158 2263 215 2325 ssi
235 2264 282 2324 tis
303 2263 488 2326 inferretur.
528 2259 709 2321 Alexander
728 2255 784 2337 ¹⁷),
804 2198 1014 2320 barbarorum
1035 2273 1104 2322 astu
1118 2283 1193 2344 cog-

188 2344 265 2417 nito,
282 2343 385 2407 ,edixit
404 2341 571 2415 militibus,
591 2349 627 2398 ut
645 2338 795 2419 plaustris
818 2338 1036 2418 irruentibus,
1064 2341 1193 2402 diducta

188 2424 342 2508 phalange
363 2422 490 2482 innoxia
510 2418 606 2479 dilabi
626 2429 838 2499 paterentur3
867 2429 930 2492 aut,
951 2419 978 2480 si
999 2420 1192 2502 deprehensi

189 2517 313 2578 essent,
333 2503 420 2568 humi
441 2500 546 2577 strati,
568 2499 686 2579 clypeis
708 2511 795 2560 arcte
817 2499 1010 2577 commissis,
1031 2504 1192 2564 testudine

187 2603 222 2646 se
245 2593 464 2667 protegerent.
504 2583 549 2640 lta
567 2578 706 2638 hostium
727 2577 820 2640 dolus
840 2580 947 2641 irritus
969 2580 1040 2643 l'uit.
1080 2570 1191 2666 Mag'na

187 2665 404 2747 plaustrorum
428 2681 502 2742 pars
524 2678 584 2741 per
603 2659 770 2720 intervalla
791 2661 939 2723 ordinum
959 2661 1111 2724 devoluta
1133 2677 1190 2724 est:

160 2763 269 2829 [quae
291 2741 416 2803 armatis
435 2739 594 2814 incidere,
615 2734 732 2820 clypeis
752 2741 794 2799 im
820 2753 904 2819 acta,
924 2761 1049 2826 suoque
1069 2744 1190 2826 impetu

187 2821 382 2887 subsilientia
418 2819 494 2880 nihil
526 2817 677 2900 ponderis
713 2819 753 2878 ad
781 2762 994 2882 obterendum
1029 2823 1189 2886 habuere:

137 2905 353 3000 ,pomisque
368 2899 421 2962 illa
438 2908 610 2980 tempestas
631 2898 711 2960 citra
723 2919 837 2962 noxam
854 2901 1007 2965 detonuit.
1050 2907 1124 2988 Quo
1142 2900 1187 2983 18)

251 3186 278 3254 14
306 3185 442 3241 Plutarch.
462 3204 485 3239 c.
505 3203 555 3238 aar

252 3271 278 3320 1-5
307 3255 420 3308 Diodor.
440 3271 476 3326 17,
494 3257 537 3322 93.

254 3325 282 3376 16
313 3325 419 3376 Arrisn.
438 3343 457 3390 1,
472 3331 496 3390 ¹²1,
515 3326 540 3377 5.
640 3382 646 3387 -

192 3403 195 3412 ’
253 3408 279 3460 17
299 3391 438 3461 'Polyaem
458 3392 484 3461 4,
502 3395 575 3446 3.11.

252 3463 290 3532 18)
307 3463 410 3514 Arriam
432 3481 451 3527 r,
467 3479 487 3527 r,
505 3463 541 3516 13.
