2636 3860
393 359 508 412 sorno.
530 350 566 410 ut
584 355 619 425 Q.
637 345 797 410 cuturn
815 357 844 410 t.
863 355 884 408 1.
1106 361 1140 416 η

134 520 261 572 netum
285 508 413 593 quidem
435 517 572 582 vacuus,
601 523 674 566 cum
694 502 789 564 otiari
806 493 990 582 tidbretuu3
1018 505 1144 589 quippe
1215 548 1218 552 -

134 591 198 674 pila
220 592 270 652 vel
293 589 459 651 saltatione
469 587 555 649 virili
575 603 637 646 nou
661 588 724 646 tarn
740 583 863 646 laxabat
876 584 1023 662 animum,
1036 609 1145 672 ¹qum

136 671 226 732 seriis
247 669 411 752 obsequiis
435 667 577 730 membra
597 665 819 748 praeparabat
891 683 893 690 ’

215 753 266 812 ΙΙΙ,
294 751 469 834 Postquam
491 743 606 810 deinde
630 759 715 808 artas
741 757 773 806 et
798 745 829 806 in
854 747 957 806 cuium
978 748 1143 830 paulisper

136 831 287 906 adolevit,
307 831 434 912 iamque
454 826 672 892 severioribus
693 826 804 890 studiis
819 767 954 888 idoneus
975 829 1060 889 visus
1082 841 1145 908 est,

135 924 336 986 revocatum,
353 909 487 992 quitum
509 908 595 1049 aliud
613 907 818 989 Mitylenaeos
840 905 965 988 agebat,
984 909 1145 973 Aristote-

136 993 199 1053 lem
221 991 372 1054 continno
399 1005 508 1051 secum
561 989 664 1066 abuit,
693 989 797 1051 ‹lonec
826 999 900 1070 post
927 997 1064 1050 mortem
1087 1013 1144 1074 pa-

138 1073 195 1134 tris
216 1085 326 1132 rerum
346 1071 467 1151 potitus
488 1070 520 1131 in
544 1070 650 1130 Asiam
672 1069 881 1131 transiicerel.
923 1068 998 1156 Quo
1019 1083 1147 1155 tempo-

137 1153 182 1212 ris
206 1151 328 1234 spatio,
380 1151 514 1234 uidquid
534 1173 552 1212 a
575 1153 663 1212 tento
684 1161 899 1232 praeceptore
918 1146 1002 1209 tradi
1022 1153 1147 1232 potuit,

161 1233 319 1296 crdidicit.
379 1231 612 1314 'ognoscendae
637 1231 664 1310 ¹)
685 1251 795 1292 rerum
815 1231 950 1292 naturae
971 1241 1060 1295 tanto
1080 1235 1148 1296 avi·

137 1255 208 1373 dius
230 1310 388 1387 incubuit,
417 1315 535 1394 quanto
555 1309 771 1392 pertinaciore
796 1329 853 1448 spe
881 1306 1050 1392 imperium
1076 1319 1149 1378 uni-

137 1393 225 1454 versi
261 1391 348 1454 orbis
378 1402 599 1472 praeceperat.
650 1391 748 1450 Cuius
773 1390 803 1448 in
829 1391 1003 1472 agationem
1031 1406 1147 1475 postea

140 1493 206 1556 quo
232 1490 273 1534 ue
293 1470 433 1548 adiurit,
454 1472 548 1552 plane
569 1470 661 1552 regio
686 1477 720 1531 et
739 1470 840 1530 animo
863 1479 896 1531 et
915 1483 1031 1532 sumtu.
1072 1478 1148 1538 Ari-

138 1497 247 1614 stotbli
272 1552 321 1630 2),
350 1569 417 1632 quo
444 1563 572 1612 naturas
597 1549 775 1610 animalium
802 1551 921 1612 certius
948 1561 1044 1635 atque
1071 1577 1147 1638 per.

138 1634 278 1716 spectius
295 1631 501 1693 commentari
520 1642 641 1714 posset,
661 1636 729 1694 tota
743 1630 819 1690 Asis
833 1630 1033 1714 Graeciaque
1053 1656 1146 1717 pare.

143 1733 180 1773 re
201 1713 309 1784 iussit,
338 1712 498 1795 quotquot
519 1722 655 1805 venatu,
681 1709 835 1792 aucupio,
860 1713 1027 1793 piscature
1051 1717 1147 1780 vitain
1196 1723 1204 1732 '
1249 1725 1252 1731 '

140 1792 338 1867 tolerabant,
368 1803 422 1853 aut
442 1793 578 1875 aliqnani
603 1813 635 1851 sn
656 1791 813 1854 eiusmodi
839 1794 975 1875 negotiis
1001 1797 1148 1876 peritiam

140 1872 278 1934 assecuti
299 1873 437 1934 fueraut.
481 1877 612 1935 Constat
633 1871 682 1949 3),
705 1873 743 1933 in
764 1873 832 1933 eius
861 1875 967 1955 operis
990 1875 1148 1956 impensas

141 1953 321 2049 octingenta
335 1955 454 2015 talenta
471 1953 698 2036 philosophum
714 1953 888 2036 accepisse.
931 1954 1025 2018 Adeo
1041 1969 1149 2020 autem

142 2034 357 2116 cognitionem
376 2030 461 2094 illam
483 2035 608 2100 dilexit,
641 2047 676 2095 ut
697 2035 728 2094 in
757 2055 825 2096 eam
847 2045 983 2094 sumtum
1005 2035 1149 2117 liceret,

142 2132 320 2198 curamque
340 2113 551 2196 impenderet,
573 2115 663 2177 cuins
680 2115 821 2176 fructum
841 2115 965 2176 visurus
986 2135 1050 2177 non
1070 2131 1149 2182 erat.

141 2197 221 2258 Post
241 2199 274 2277 ⁴)
296 2207 423 2256 centum
444 2217 540 2258 annos
567 2197 652 2279 capti
672 2207 745 2256 sunt
764 2195 853 2258 certi
884 2215 957 2255 cuin
977 2199 1149 2280 torquibus

143 2276 267 2354 aureis,
297 2296 379 2358 quos
401 2277 585 2354 addiderat,
621 2288 658 2337 ut
677 2277 730 2338 tel
753 2275 877 2357 posteri
898 2291 1149 2356 cognoscerent,

143 2369 260 2440 quanta
281 2356 364 2418 iides
385 2355 530 2429 habenda
551 2356 640 2418 l'oret
667 2355 722 2432 iis,
754 2376 837 2440 quse
863 2355 904 2414 de
927 2355 1063 2417 istorum
1087 2359 1150 2419 ani·

143 2419 287 2496 malium*
309 2437 522 2529 longaevitate
550 2435 749 2496 ferebantur.
794 2427 1041 2496 Sublimioribus
1071 2457 1151 2520 quo·

144 2535 208 2613 que
224 2515 407 2606 disciplinis,
424 2531 502 2594 quas
516 2514 739 2606 acroamaiicas
755 2512 925 2604 appellant,
943 2515 1102 2578 eruditum
1119 2520 1149 2600 ⁵)

145 2595 266 2669 luisse,
287 2595 385 2672 ipsius
406 2603 541 2653 testatur
563 2593 706 2674 epistola,
727 2613 789 2676 qua
809 2602 973 2677 queritur,
993 2595 1151 2666 Aristote-

146 2675 210 2734 lem
233 2673 417 2755 dignitatem
438 2689 549 2734 earum
571 2671 727 2756 evulgatis
742 2687 845 2814 praec
889 2671 929 2733 tis
953 2675 1149 2756 profanasse.

146 2755 189 2814 Et
202 2753 257 2814 ille
277 2751 453 2828 excusavit,
473 2752 666 2832 rescribens,
686 2754 729 2815 ita
755 2752 843 2816 sbros
859 2753 869 2816 i
883 2753 931 2815 los
947 2777 1017 2818 esse
1035 2757 1149 2840 editos,

147 2845 184 2894 ut
211 2833 324 2928 baberi
348 2833 471 2926 possint
497 2853 560 2915 pro
580 2834 721 2896 ineditiss
756 2855 817 2898 nec
847 2835 932 2924 enim
959 2859 1149 2924 quemquam

148 2926 334 2977 sentenuam
354 2934 497 2996 ipsorum
516 2931 710 3000 magnopore
730 2927 960 3000 percepturum
983 2939 1072 3000 esse,
1092 2921 1151 2988 nisi

160 3055 325 3072 μαι-υ*-

216 3119 242 3190 l)
262 3119 340 3187 DlOg.
358 3121 436 3171 Ister·
454 3119 482 3169 ln
503 3117 659 3171 Aristotele·
672 3110 805 3195 Ὀλυμῃ6
827 3115 1019 3206 α’ναγραφή.
1038 3125 1145 3196 Diony„

148 3205 284 3260 llalicarn.
312 3208 346 3261 de
368 3206 558 3262 Demosthene.
576 3223 604 3289 p·
624 3205 682 3272 728.
700 3209 742 3260 ed.
760 3209 823 3261 Rsk·
878 3240 882 3245 -

216 3285 480 3350 sffiudfflb
856 3289 859 3293 '

214 3355 229 3406 3
260 3356 411 3408 Athenaeus
429 3368 456 3418 9,
474 3351 510 3404 13.

215 3422 231 3488 4
267 3425 336 3475 Plin.
355 3437 398 3486 απ,
422 3424 457 3474 15.
905 3469 907 3478 ,

225 3492 258 3557 5)
279 3490 414 3545 Plutarch.
434 3507 457 3543 c.
471 3502 515 3546 u.
534 3485 638 3541 Gellius
654 3497 697 3551 20,
714 3481 739 3550 4.
755 3483 881 3536 Zonaras.
