2660 3864
171 338 206 398 82
545 338 567 390 1.
587 335 806 392 snumsusnn

174 493 326 566 ditionem
347 497 515 550 venerunt.
554 486 589 546 ln
608 482 794 567 uniuersum
815 497 907 547 ca'esa
928 497 1001 546 sunt
1022 505 1062 547 ex
1081 485 1182 547 hosti-

172 573 232 634 bus
262 563 372 651 viginti
401 566 546 648 peditum
572 563 679 639 millis,
713 563 777 626 duo
815 565 975 648 equitum:
1013 577 1186 646 captorum.

173 675 232 736 par
252 651 356 712 ferme
376 665 529 706 numerus
549 643 620 706 fuit.
655 644 705 702 Ex
728 643 864 706 ducibus
885 647 1034 708 Memnon
1057 645 1183 728 effugit,

174 755 247 796 cum
283 725 420 804 Arsace,
455 722 666 788 Rheomithre
693 735 727 784 et
752 725 882 805 Atizyes
912 725 1015 786 ceteri
1041 724 1183 786 honestis

173 808 361 874 vulneribus
383 805 617 866 occubuerunt.
651 803 786 881 Arsites,
812 824 884 866 oum
904 805 936 864 in
957 804 1128 887 Phrygiam
1147 825 1183 865 se

175 891 363 973 recepisset,
388 886 515 967 pudore
538 896 570 944 et
596 883 810 966 poenitentia,
846 884 935 968 quod
964 884 1058 945 buius
1087 885 1184 947 cladis

175 989 346 1032 causa'nou
361 965 519 1026 immerito
536 963 723 1036 haberetur,
736 965 797 1024 sibi
817 985 926 1026 manus
950 963 1067 1026 intulit.
1109 965 1185 1025 Ale-

175 1050 295 1112 xander
315 1065 434 1127 paucos
457 1043 604 1125 quidem,
631 1043 689 1102 sed
712 1045 961 1124 promtissimus,
991 1062 1030 1106 oo
1059 1045 1184 1126 proelio

175 1127 325 1212 perdidit.
356 1123 499 1206 'friginta
521 1121 691 1184 admodum
712 1123 855 1204 pedites,
876 1125 1074 1206 septuaginta
1096 1124 1187 1206 quin«

176 1228 240 1292 que
262 1205 387 1289 equites
409 1195 602 1272 ceciderant!
644 1201 745 1284 Igitur
765 1214 801 1264 ut
822 1203 1017 1281 ostenderet,
1039 1203 1185 1265 omnibus

175 1291 209 1349 in
233 1299 369 1369 utraque
391 1281 522 1345 fortuna
543 1281 628 1365 apud
650 1301 684 1342 se
705 1281 815 1346 virtuti
830 1285 1006 1364 praemium
1027 1283 1111 1360 fore,
1134 1304 1185 1342 su-

177 1367 327 1452 perstites
348 1367 516 1426 Persarum
539 1361 648 1446 spoliis
665 1361 742 1425 ditat
760 1361 822 1436 13)·
846 1363 1025 1424 occisorum
1048 1382 1187 1443 corpora

179 1471 252 1513 cum
274 1445 369 1506 armis
392 1455 567 1526 ceteroque
589 1443 677 1504 cultu
697 1403 863 1526 magnillus
884 1443 1015 1524 sepelitz
1047 1441 1186 1524 parenti·

177 1530 237 1591 bus
259 1547 372 1595 eorum
404 1524 581 1606 liberisque
609 1524 806 1586 vacationem
833 1539 1001 1584 munerum
1021 1523 1186 1590 concedit,
1258 1591 1262 1596 ¹

178 1611 430 1675 vulneratorum
450 1603 546 1662 etiam
569 1623 646 1664 cura
668 1603 833 1666 ambitiose
854 1615 923 1663 acta
943 1614 1002 1679 est,
1023 1622 1096 1664 cum
1117 1602 1186 1696 ipse

178 1712 236 1752 rex
257 1685 406 1748 obeundo
427 1683 566 1744 tentoria
595 1694 629 1744 et
655 1682 851 1763 inspiciendo
873 1682 1014 1763 singulos
1036 1683 1188 1748 sollicitu-

179 1772 285 1832 dinem
312 1785 400 1826 suam
427 1783 487 1844 pro
516 1762 671 1845 gregariis
701 1763 796 1824 etiam
821 1762 973 1823 militibus
1001 1771 1189 1840 ostentaret,

179 1871 215 1912 ac
242 1865 373 1931 gravem
413 1844 566 1925 cuiusque
596 1862 703 1904 casum
738 1840 950 1922 munificentia
978 1842 1189 1926 laudibusque

180 1942 234 1990 aut
254 1923 418 2009 promissis
439 1924 611 1985 solaretur.
653 1923 745 2008 Quae
773 1923 904 1984 comitas
925 1921 957 1982 in
978 1922 1080 1986 omnia
1101 1921 1189 1982 dein·

180 2030 256 2088 ceps
283 2003 429 2086 pericula
466 1999 635 2064 fidissimos
663 2003 694 2062 ei
720 2002 896 2082 praestitit:
926 2021 987 2063 nec
1023 1999 1190 2085 quisquani

180 2083 342 2150 recusavit
366 2080 511 2162 spiritum
532 2101 592 2161 pro
614 2100 654 2140 eo
674 2101 753 2163 rege
773 2080 988 2162 profundere,
1009 2079 1063 2166 qui
1082 2101 1190 2165 neque

181 2169 276 2231 vitam
297 2180 428 2246 suorum
453 2160 582 2241 inopem
602 2180 707 2243 neque
736 2173 874 2224 mortem
895 2161 1114 2223 inhonoratam
1134 2182 1190 2242 pa-

180 2257 314 2310 teretur.
356 2241 487 2324 Insignis
515 2259 593 2321 prae
620 2242 736 2302 ceteris
759 2241 865 2304 honor
884 2241 947 2303 fuit
967 2242 1078 2325 viginti
1100 2241 1191 2325 quin·

181 2348 244 2414 que
270 2322 413 2406 equitum
436 2342 475 2382 ex
497 2332 601 2380 turma
622 2321 815 2399 amicorum,
845 2341 927 2405 quos
953 2323 1056 2404 primo
1086 2321 1191 2383 statim

182 2425 358 2490 congressu
386 2419 426 2462 ex
452 2401 561 2484 iniquo
589 2400 663 2462 loco
684 2414 859 2496 pugnantes
887 2401 1057 2470 multitudo
1079 2404 1191 2462 Persa·

182 2511 252 2550 rum
275 2494 492 2568 oppresserat.
524 2483 602 2542 Nam
623 2483 762 2564 Lysrppo
786 2479 843 2561 14),
866 2503 884 2543 a
906 2503 970 2565 quo
994 2503 1071 2552 uno,
1093 2501 1190 2574 prop·

182 2583 232 2631 ter
250 2564 387 2628 hominis
410 2560 567 2643 peritiam,
590 2561 621 2621 in
643 2562 815 2646 aerellngi
835 2563 994 2637 voluerat,
1013 2563 1190 2644 imperavit,

182 2661 219 2710 ut
241 2655 409 2728 equestres
430 2643 506 2724 ipsis
528 2653 644 2703 statuas
664 2641 807 2708 faceret:
831 2663 928 2724 quas,
941 2643 1026 2724 apud
1039 2644 1125 2712 Dion
1143 2639 1190 2714 ¹⁵)

183 2725 390 2787 Macedoniae
412 2745 431 2784 o
455 2721 565 2802 pidum
588 2720 778 2796 collocatas,
798 2735 874 2804 post
895 2723 1023 2804 longam
1043 2733 1192 2798 aetatem,

183 2805 304 2869 abolito
328 2804 418 2862 Mace
444 2821 539 2892 onum
562 2820 684 2894 regno,
705 2801 746 2888 Q
767 2804 915 2864 Metellus
936 2804 1071 2866 Romam
1091 2814 1192 2865 trans·

183 2880 1193 2966 mffiffimmmmmfflmmmmw

184 2988 257 3052 gem
277 2963 349 3026 fuit.
371 2960 484 3024 Aciem
505 2959 627 3042 optime
649 2960 853 3038 instruxerat,
876 2905 1110 3050 observataque
1127 2962 1193 3025 loci

185 3128 398 3148 m

254 3232 410 3305 13)1ustin·
431 3237 472 3296 11,
491 3231 518 3296 ⁶,
539 3234 579 3286 13.
598 3226 714 3280 Diodor.
738 3245 779 3298 17,
799 3235 842 3290 21.
859 3227 966 3284 Arrlrn.
988 3237 1012 3296 1,
1031 3229 1057 3296 t,
1073 3241 1116 3294 ²7·

254 3305 284 3372 ¹4
316 3300 407 3352 Valer.
426 3303 496 3351 Max.
517 3309 542 3364 8,
563 3305 604 3354 11.

256 3390 285 3438 ¹5
316 3370 453 3422 Plutarch.
473 3385 497 3423 e.
517 3370 559 3421 26.
578 3369 683 3422 Arriae.
704 3375 728 3432 t,
747 3370 773 3434 3,
791 3369 834 3426 26·⁸
854 3369 910 3421 Lis.
930 3366 973 3434 44,
993 3382 1017 3434 7,
1043 3382 1067 3415 α.
1096 3360 1194 3430 Velloj.

184 3447 291 3500 Patere.
312 3447 337 3508 1,
359 3445 400 3508 11,
419 3441 445 3504 4.
463 3439 565 3502 Plinius
584 3438 626 3502 34,
646 3437 672 3501 8,
691 3447 732 3486 ao.
1182 3430 1185 3438 “
