2660 3864
409 372 526 436 SUPPL.
545 373 581 425 ΙΝ
599 373 635 440 Q.
655 371 812 424 CURTlUM
830 371 860 420 L.
878 371 899 420 l.
1114 380 1146 431 37

151 519 250 596 rebus
271 519 413 592 humanis
434 518 570 597 felicitas
590 531 650 600 est,
674 539 728 582 res
749 518 830 584 foris
846 537 1019 602 prosperas
1039 521 1148 585 dome-

151 601 250 664 sticae
268 600 383 682 turbae
405 613 610 683 exceperunt.
652 599 800 662 Animum
821 599 980 683 coniugis,
1000 602 1093 681 olim,
1113 616 1150 665 ut

151 680 297 751 diximus,
321 681 523 758 alieniorem,
554 681 716 763 Olympias
740 681 924 742 morositate
948 693 981 743 et
1001 697 1181 766 arrogans
1265 739 1267 744 .

149 761 193 822 tia
205 755 245 822 ‘in
266 763 333 823 dies
358 762 457 844 magis
477 763 641 844 magisque
663 761 829 824 avertebat
845 760 884 840 ¹).
904 761 980 823 Inde
1001 765 1149 845 repudia·

148 854 214 919 tam
234 841 375 923 nonnulli
394 842 539 922 tpadunt:
566 863 628 924 ego
656 842 688 917 in
717 841 832 906 eodem
858 843 1057 905 matrimonio
1084 865 1149 905 ma·

149 923 236 985 nenti
262 924 465 1005 Cleopatram
488 945 523 986 su
549 922 745 1000 eninductam
766 923 941 1004 comperio.
976 925 1044 984 Nec
1065 925 1149 986 enim

149 1004 331 1064 Alexander
351 1005 382 1063 in
405 1015 489 1065 tanto
537 1003 678 1078 edeeore
700 1002 898 1063 dulcissimae
918 1003 1038 1082 matris,
1057 1006 1147 1066 cuius

149 1083 256 1164 pudor
277 1083 307 1163 2)
330 1084 370 1144 ad
391 1085 495 1165 ipsum
513 1105 644 1169 quoque
665 1084 853 1165 pertineret,
876 1084 962 1176 (nam
983 1084 1025 1146 ob
1047 1086 1149 1168 stupri

150 1165 365 1244 suspicionem
399 1167 564 1248 expulsam
590 1164 724 1244 addunt)
758 1163 957 1226 interfuisset
989 1186 1166 1237 novercae,

148 1245 283 1324 nuptiis:
305 1245 453 1323 interfuit
472 1257 590 1323 autom,
610 1255 646 1305 et
664 1245 792 1306 demum
812 1257 887 1326 post
901 1246 1148 1326 contentionem,

149 1345 231 1408 ¹quae
253 1326 284 1385 in
306 1345 346 1392 eo
369 1325 516 1400 convivio
538 1336 711 1401 exarserat,
731 1334 864 1384 matrem
886 1324 1025 1386 abduxit.
1047 1326 1147 1408 Quip-

47 1424 52 1430 ”
147 1425 189 1488 pe
211 1401 242 1483 3.)
273 1425 345 1465 cum
375 1405 551 1483 aprunculus
579 1424 714 1486 sponsae
743 1404 886 1482 Attalus,
916 1416 992 1486 post
1021 1405 1146 1487 longam

148 1485 417 1570 compotationem
446 1504 536 1564 spem
556 1486 645 1562 ,male
668 1483 790 1566 tegens,
812 1482 949 1557 orandas
969 1486 1147 1560 Macedoni-

147 1565 208 1625 bus
228 1567 321 1638 ¹Deos
346 1564 479 1643 diceret,
500 1577 536 1625 ut
562 1585 602 1626 ex
626 1585 709 1641 nova
735 1564 891 1645 nuptade
915 1564 1037 1625 itimum
1056 1567 1148 1648 regni

148 1664 370 1721 successorem
395 1643 563 1728 Philippus
592 1644 738 1726 tolleret:
766 1585 965 1723 Alexander,
1002 1645 1034 1706 in
1068 1647 1147 1708 iram

147 1724 267 1812 alioqui
286 1743 459 1819 praeceps,
481 1729 514 1798 et
532 1737 608 1805 tuno
627 1723 741 1806 iniupia
767 1724 936 1801 irritatior,
972 1747 1030 1788 nos
1058 1748 1147 1811 ergo,

147 1806 296 1881 sceleste,
317 1805 417 1886 spuria
440 1804 499 1874 tibi
519 1802 692 1884 ridemur?
727 1803 842 1888 inquit:
876 1805 970 1866 simul
1002 1807 1145 1880 calicem,

147 1905 243 1968 quem
264 1884 352 1964 for-te
372 1886 483 1968 dextra
506 1886 651 1966 tenebat,
679 1884 712 1963 in
740 1905 776 1958 os
797 1884 880 1963 illius
906 1885 1052 1971 impegit3
1091 1889 1170 1968 illel,

146 1985 279 2050 quoque
313 1965 450 2044 invicem
490 1967 629 2050 oppiecit
664 1965 828 2049 poculum.
868 1956 1006 2042 ¹Exorto
1035 1968 1066 2048 4)
1095 1980 1145 2030 tu·

145 2048 267 2124 multu,
313 2046 499 2129 Philippus,
550 2047 605 2132 qui
639 2047 672 2125 in
716 2045 778 2114 alio
809 2046 895 2117 lecto
934 2049 1145 2127 accubuerat,

146 2127 214 2204 eius
239 2127 303 2189 diei
323 2127 475 2206 laetitiam
495 2128 621 2206 turbari
647 2127 783 2202 moleste
803 2125 925 2197 ferens,
951 2147 1026 2190 ense
1050 2129 1146 2192 stric-

145 2217 181 2266 to
208 2207 426 2286 Alexandrum
452 2211 550 2290 petit:
582 2209 812 2290 occideratque
830 2205 948 2285 lilium,
975 2209 1035 2270 nisi
1061 2209 1145 2272 clau-

145 2285 304 2368 dicantem
341 2307 381 2368 cr
415 2291 549 2366 vulnere
584 2289 710 2372 pridem
749 2299 882 2369 accepto
907 2309 1063 2380 ‘gressum
1097 2291 1145 2350 ira

146 2367 317 2451 vinumque
339 2357 623 2449 praepedivisseht.
659 2366 835 2504 Prolapsus‘
855 2368 961 2437 amicis
981 2367 1085 2430 subita
1107 2389 1145 2430 re
1169 2367 1173 2381 '

145 2449 307 2525 exterritis
329 2448 465 2528 spatium
486 2448 593 2523 dedit,
615 2461 652 2509 ut
671 2445 760 2527 preci
784 2467 840 2522 us,
861 2458 894 2505 et
914 2446 1058 2531 utrisque
1079 2469 1143 2510 me·

145 2525 215 2586 dios
236 2526 478 2618 mierponendo,
494 2526 712 2600 Alexandrum
732 2523 904 2604 eriperent.
926 2527 993 2586 Nec
1014 2529 1144 2597 minoris

145 2625 265 2685 operae
286 2605 348 2664 furt
368 2605 458 2682 illurn
479 2625 625 2683 exorare,
646 2617 683 2684 ut
703 2602 807 2682 salvus
829 2624 901 2680 esse
923 2605 1029 2670 vellet.
1063 2611 1144 2670 Mul-
1178 2607 1181 2612 “

145 2684 249 2764 tiplici
275 2682 389 2760 iniuria
416 2683 553 2762 affectus
584 2687 644 2768 sibi
664 2683 840 2767 vridebatur
847 2705 858 2763 3
894 2697 928 2760 et
956 2707 1145 2775 quamquam

114 2803 116 2808 -
146 2763 244 2858 patris
259 2764 410 2847 regisque
422 2766 558 2845 nomina,
579 2781 773 2852 naturaeque
793 2778 826 2825 et
846 2766 988 2848 gentium
1012 2772 1144 2833 decreta

117 2891 119 2906 ,
144 2857 381 2926 ingerereptur,
403 2867 467 2906 non
487 2845 645 2928 abstinuit,
666 2849 742 2934 quin
757 2843 906 2919 insultans
926 2849 1074 2934 Philippo
1096 2851 1143 2912 iu·

143 2923 239 2987 heret
260 2925 289 3010 ⁵)
311 2925 428 3004 intueri
448 2928 638 3010 Macedonas
666 2926 831 3018 egregium
860 2931 1094 3005 transmittendi
1110 2931 1142 2992 iu

213 3213 238 3282 ι)
256 3214 393 3281 Plutarch.
411 3213 496 3293 c.14.
512 3215 575 3283 lust.
595 3231 623 3284 9,
639 3213 665 3282 5,
682 3229 709 3282 9.
728 3218 815 3270 versio
833 3215 940 3268 Arrian.
958 3217 982 3281 3,
1005 3231 1027 3277 r,
1046 3213 1089 3280 24.

209 3299 226 3402 d
256 3283 501 3417 ghihrdh,²d.²i5
521 3351 614 3403 lustin.
632 3355 659 3415 9,
679 3365 704 3416 7,
723 3357 749 3408 3.

111 3447 113 3455 =
204 3417 226 3483 4
262 3421 414 3472 Athenaeus
435 3434 458 3485 1,
478 3427 520 3485 ¹5·

212 3487 239 3556 5)
258 3487 392 3541 Plutarch.
403 3505 427 3541 c.
438 3491 478 3546 15.
496 3497 524 3541 et
542 3485 722 3559 apophthegg.
745 3505 769 3540 c.
790 3489 833 3547 33.
