2660 3864
184 351 219 406 ω
383 371 386 376 -
545 343 566 396 1.
584 339 817 398 raetosueuu.

185 495 370 576 opinionem
389 499 590 574 pepererat.'
621 492 683 554 Hic
705 513 722 553 a
743 489 910 556 conditore
931 490 1023 574 regni
1043 487 1077 571 Α)
1101 489 1185 574 Cyro
1214 567 1216 571 ,

185 575 327 636 decimus
348 571 486 654 imperio
504 574 676 634 Persarum
698 571 850 654 praefuit,
890 573 970 634 Nam
990 569 1102 634 Ochus
1125 580 1186 634 Ar·
1229 578 1234 586 '

184 666 348 714 taxemem
371 661 509 734 patrem,
533 651 588 712 ille
609 652 743 714 Darium
764 663 946 745 exceperat.
985 651 1072 713 Huic
1094 655 1186 714 Arta·
1240 732 1243 739 ι

184 752 300 793 xerxes
327 751 462 814 regnum
489 731 550 792 reli
575 732 639 807 uit,
668 731 783 794 Xerxis
805 729 899 802 filius.
941 731 1066 792 Xerxes
1086 733 1190 794 Dario

183 813 266 905 patri
285 811 448 888 successit,
469 811 535 906 qui,
551 752 713 893 llystespe
735 812 871 948 qenitus,
898 820 973 892 post
996 811 1190 883 exstinctum

182 913 214 950 m
236 891 388 970 Cambyse
409 891 485 970 Cyri
504 891 711 972 sanguinem,
731 891 849 952 ilustri
868 900 992 971 septem
1013 887 1187 954 Persarum

186 971 215 1043 ⁵)
245 970 496 1050 conspiratione,
523 970 698 1052 imperium
724 971 825 1052 Magis
854 969 997 1031 extorsit.
1038 970 1106 1032 suh
1137 973 1186 1034 his

183 1051 314 1132 regibus
333 1069 394 1130 per
414 1050 570 1110 ducentos
588 1061 621 1110 et
640 1049 770 1131 triginta
794 1050 897 1110 ferme
922 1067 1019 1110 annos
1040 1071 1094 1112 res
1107 1054 1187 1114 Per·

183 1149 289 1191 sanum
311 1129 392 1189 mira
413 1128 570 1190 felicitate
590 1127 717 1192 floruit:
739 1129 866 1191 aeribus
879 1128 986 1206 initiis,
1007 1129 1084 1190 dum
1096 1133 1187 1193 rudis

183 1209 222 1268 ad
242 1209 531 1289 voluptatesnatio
550 1230 612 1291 pro
633 1209 782 1270 libertate
804 1209 975 1292 gloriaque
1007 1221 1041 1270 et
1069 1211 1186 1292 opibus

181 1289 321 1348 animose
349 1287 527 1352 dimicabat.
572 1289 775 1351 Procedente
814 1303 981 1371 tempore,
1014 1303 1187 1374 postquam

180 1369 321 1448 praemia
343 1367 469 1429 virtutis
480 1369 594 1451 adepti
608 1369 817 1447 uidebantur,
838 1370 938 1451 ipsam
957 1369 1188 1451 posthabuere,

79 1445 82 1455 “
182 1469 245 1510 non
272 1459 336 1508 tam
363 1447 427 1506 suis
463 1449 584 1509 viribus
617 1450 696 1526 tuti,
732 1470 825 1543 quam
856 1449 940 1516 fama
975 1450 1139 1532 potentiae
1168 1473 1186 1511 a

181 1527 356 1588 maioribus
385 1539 512 1618 partae,
548 1549 673 1612 usuque
711 1529 910 1605 divitiarum,
949 1529 1065 1614 quibus
1101 1529 1186 1591 haud

180 1607 289 1686 paullo
310 1606 438 1666 i'elicms
460 1619 572 1674 contra
593 1609 755 1686 Graecos,
769 1652 773 1660 v
786 1630 882 1692 quam
906 1609 1019 1686 armis,
1041 1609 1186 1672 decerta·

164 1705 270 1748 tere.
311 1685 363 1744 Ad
382 1698 582 1768 postremum
602 1687 722 1770 itaque,
748 1707 821 1748 cum
841 1687 995 1751 adversus
1011 1689 1189 1772 Alexandri

183 1767 245 1826 vim
275 1785 353 1846 auro
381 1785 494 1847 parum
520 1765 751 1848 proficeretur,
780 1767 935 1852 omnique.
959 1771 1104 1833 externa'
1121 1791 1141 1832 o
1168 1789 1211 1830 e·-

181 1845 374 1906 abscedeute
410 1846 539 1907 sibimet
570 1847 648 1940 ipsis
669 1846 868 1909 innitendum
889 1859 990 1924 esset,
1016 1848 1110 1916 animi
1154 1871 1186 1910 e·

180 1925 261 1986 liciis
284 1935 317 1985 et
338 1925 472 1987 mollitie
493 1924 589 1986 fracti
619 1925 860 2006 ell'eminatique
887 1924 1037 1986 fortunae
1064 1929 1187 1989 ruentis

179 2005 335 2082 impetum
355 2021 419 2060 non
440 2003 673 2064 sustinuerunt.
701 2003 832 2082 Quippe
852 2001 1039 2070 industriam
1059 2017 1186 2086 egestas

180 2081 279 2156 aeuit3
322 2077 519 2140 affluentiam
554 2102 664 2142 rerum
698 2080 792 2141 luxus
825 2092 858 2140 et
885 2079 1001 2140 inertia
1028 2084 1186 2168 sequitur.

179 2161 281 2240 igitur
304 2153 335 2230 ⁶)
357 2158 466 2220 audito
491 2157 553 2220 fine
577 2159 736 2240 Philippi,
773 2159 863 2220 euius
884 2159 1018 2222 fortuna
1038 2175 1072 2224 et
1092 2185 1131 2246 ap
1156 2187 1187 2226 o·

178 2239 300 2306 ratibus
321 2238 469 2298 exterriti
489 2237 638 2314 lucrant,
666 2251 756 2298 metu
777 2239 893 2317 soluti,
917 2241 1092 2306 Alexandri
1113 2185 1186 2304 ndo-

179 2317 365 2380 leseentiam
386 2316 621 2398 despiciebant3
658 2329 844 2380 contentum
872 2319 946 2382 fore
973 2322 1134 2400 arbitrati,
1159 2324 1186 2387 si

178 2419 294 2460 securo
315 2397 425 2466 Pellae
453 2396 660 2462 obambulare
684 2397 809 2464 liceret.
842 2400 967 2464 Verum
996 2397 1026 2475 ⁷)
1050 2423 1122 2464 eum
1144 2403 1185 2464 de

178 2479 270 2540 hellis
293 2475 392 2558 ipsius
417 2477 626 2562 victoriisque
648 2478 708 2538 alia
736 2498 835 2560 super
858 2481 918 2540 alia
945 2481 1184 2560 nuntiarentur3

180 2568 375 2618 contemtum
400 2555 552 2618 hactenus
588 2559 736 2620 iuvenem
760 2558 933 2639 impensius
964 2559 1185 2640 formidantes,

180 2657 300 2702 summa
333 2655 430 2714 cura,
462 2648 498 2697 ut
529 2639 560 2697 iu
589 2639 711 2698 bellum
741 2650 834 2698 atrox
860 2651 961 2732 atque·
990 2641 1195 2720 diuturnum,
1288 2711 1290 2720 Ι

178 2716 292 2776 auxilia
321 2717 557 2796 comparabant.
570 2707 589 2812 ᾖ
600 2719 643 2778 Et
672 2717 820 2800 quoniam
853 2737 1058 2798 superiorum
1088 2728 1184 2802 proe-

177 2796 293 2858 liorum
319 2796 550 2876 experimentis
576 2797 731 2879 imparem
755 2795 932 2858 Asiaticum
952 2798 1086 2870 militem
1120 2803 1186 2873 Eu·

176 2975 373 2989 am

243 3096 272 3165 4)
289 3094 406 3148 Sleidan.
426 3093 474 3148 lib.
496 3104 518 3152 1.
543 3094 611 3160 dei
634 3093 771 3147 monarch.
796 3093 892 3164 scalig.
911 3097 961 3150 lib.
980 3097 1006 3148 6.
1025 3097 1059 3148 tle
1078 3096 1184 3150 emend.

177 3177 278 3234 tempp.
299 3165 446 3218 Scbubert.
465 3166 513 3214 lib.
532 3181 556 3214 a.
576 3165 610 3216 dc
630 3165 764 3230 scrupulis
783 3165 907 3219 chronol.

232 3234 272 3315 ⁶5)
292 3232 392 3283 Herod.
413 3247 437 3297 3,
458 3239 500 3298 70.
518 3234 609 3282 lustin.
632 3246 655 3298 1,
672 3247 699 3310 9,
726 3247 764 3296 ¹9·
774 3233 899 3300 Xenoph.
917 3231 1070 3302 Cyropaed.
1087 3234 1135 3284 lib.
1158 3251 1182 3286 1.

178 3304 284 3384 Arriam
305 3302 330 3381 5,
355 3319 376 3365 t,
398 3315 438 3364 ις).
458 3301 592 3356 Plutarch,
615 3300 730 3368 Agesila.
750 3317 774 3350 c.
793 3303 835 3355 at.
855 3309 882 3352 et
900 3299 996 3356 Artax.
1014 3319 1041 3356 c.
1059 3307 1103 3358 3ο.

243 3371 272 3504 gi
291 3369 492 3491 ΕιεῖἓΙΙίὲ7ἐΞ;.
511 3433 633 3503 Ctesipb,
