<?xml version="1.0" encoding="UTF-8"?>
<!DOCTYPE html PUBLIC "-//W3C//DTD XHTML 1.0 Transitional//EN"
    "http://www.w3.org/TR/xhtml1/DTD/xhtml1-transitional.dtd">
<html xmlns="http://www.w3.org/1999/xhtml" xml:lang="en" lang="en">
 <head>
  <title>
</title>
<meta http-equiv="Content-Type" content="text/html;charset=utf-8" />
  <meta name='ocr-system' content='tesseract 3.04.00' />
  <meta name='ocr-capabilities' content='ocr_page ocr_carea ocr_par ocr_line ocrx_word'/>
</head>
<body>
  <div class='ocr_page' id='page_1' title='image "./degestisalexand01baumgoog_0011.png"; bbox 0 0 2636 3860; ppageno 0'>
   <div class='ocr_carea' id='block_1_1' title="bbox 430 1041 840 1108">
    <p class='ocr_par' dir='ltr' id='par_1_1' title="bbox 430 1041 840 1108">
     <span class='ocr_line' id='line_1_1' title="bbox 430 1041 840 1108; baseline 0.002 -3"><span class='ocrx_word' id='word_1_1' title='bbox 430 1041 840 1108; x_wconf 75' lang='lat' dir='ltr'><strong>PRAEFATIO.</strong></span> 
     </span>
    </p>
   </div>
   <div class='ocr_carea' id='block_1_2' title="bbox 539 1239 738 1260">
    <p class='ocr_par' dir='ltr' id='par_1_2' title="bbox 539 1239 738 1260">
     <span class='ocr_line' id='line_1_2' title="bbox 539 1239 738 1260; baseline 0 0"><span class='ocrx_word' id='word_1_2' title='bbox 539 1239 738 1260; x_wconf 45' lang='grc' dir='ltr'><strong>ι--ω</strong></span> 
     </span>
    </p>
   </div>
   <div class='ocr_carea' id='block_1_3' title="bbox 71 1392 1211 3532">
    <p class='ocr_par' dir='ltr' id='par_1_3' title="bbox 141 1392 1125 2607">
     <span class='ocr_line' id='line_1_3' title="bbox 218 1392 1122 1484; baseline -0.009 -22"><span class='ocrx_word' id='word_1_3' title='bbox 218 1401 326 1484; x_wconf 82' lang='lat' dir='ltr'><strong>Quum</strong></span> <span class='ocrx_word' id='word_1_4' title='bbox 347 1400 409 1483; x_wconf 85' lang='lat' dir='ltr'><strong>jam</strong></span> <span class='ocrx_word' id='word_1_5' title='bbox 429 1401 542 1462; x_wconf 89' lang='lat' dir='ltr'><strong>arctius</strong></span> <span class='ocrx_word' id='word_1_6' title='bbox 575 1420 647 1462; x_wconf 90' lang='lat' dir='ltr'><strong>cum</strong></span> <span class='ocrx_word' id='word_1_7' title='bbox 673 1398 815 1458; x_wconf 89' lang='lat' dir='ltr'><strong>instituto</strong></span> <span class='ocrx_word' id='word_1_8' title='bbox 843 1395 938 1459; x_wconf 78' lang='lat' dir='ltr'><strong>huius.</strong></span> <span class='ocrx_word' id='word_1_9' title='bbox 968 1392 1122 1454; x_wconf 84' lang='lat' dir='ltr'><strong>Editionis</strong></span> 
     </span>
     <span class='ocr_line' id='line_1_4' title="bbox 143 1497 1123 1580; baseline -0.007 -18"><span class='ocrx_word' id='word_1_10' title='bbox 143 1502 356 1562; x_wconf 90' lang='lat' dir='ltr'><strong>Classicorum</strong></span> <span class='ocrx_word' id='word_1_11' title='bbox 381 1505 596 1580; x_wconf 74' lang='lat' dir='ltr'><strong>Romanorum</strong></span> <span class='ocrx_word' id='word_1_12' title='bbox 623 1499 792 1580; x_wconf 78' lang='lat' dir='ltr'><strong>coniungas</strong></span> <span class='ocrx_word' id='word_1_13' title='bbox 820 1507 853 1556; x_wconf 89' lang='lat' dir='ltr'><strong>et</strong></span> <span class='ocrx_word' id='word_1_14' title='bbox 878 1506 1007 1578; x_wconf 85' lang='lat' dir='ltr'><strong>praeter</strong></span> <span class='ocrx_word' id='word_1_15' title='bbox 1038 1497 1073 1560; x_wconf 89' lang='lat' dir='ltr'><strong>C.</strong></span> <span class='ocrx_word' id='word_1_16' title='bbox 1099 1499 1123 1564; x_wconf 79' lang='lat'><strong>1,</strong></span> 
     </span>
     <span class='ocr_line' id='line_1_5' title="bbox 143 1603 1123 1688; baseline -0.005 -23"><span class='ocrx_word' id='word_1_17' title='bbox 143 1605 328 1680; x_wconf 81' lang='lat' dir='ltr'><strong>Caesarem,</strong></span> <span class='ocrx_word' id='word_1_18' title='bbox 355 1604 409 1687; x_wconf 86' lang='lat' dir='ltr'><strong>qui</strong></span> <span class='ocrx_word' id='word_1_19' title='bbox 436 1625 515 1680; x_wconf 87' lang='lat' dir='ltr'><strong>anno</strong></span> <span class='ocrx_word' id='word_1_20' title='bbox 543 1603 758 1688; x_wconf 84' lang='lat' dir='ltr'><strong>praeterlapso</strong></span> <span class='ocrx_word' id='word_1_21' title='bbox 786 1619 855 1659; x_wconf 90' lang='lat' dir='ltr'><strong>mea</strong></span> <span class='ocrx_word' id='word_1_22' title='bbox 878 1617 954 1660; x_wconf 84' lang='lat' dir='ltr'><strong>cura</strong></span> <span class='ocrx_word' id='word_1_23' title='bbox 973 1609 1123 1662; x_wconf 82' lang='lat' dir='ltr'><strong>tractatus</strong></span> 
     </span>
     <span class='ocr_line' id='line_1_6' title="bbox 142 1701 1124 1786; baseline 0 -22"><span class='ocrx_word' id='word_1_24' title='bbox 142 1703 280 1786; x_wconf 91' lang='lat' dir='ltr'><strong>prodiit,</strong></span> <span class='ocrx_word' id='word_1_25' title='bbox 309 1723 405 1763; x_wconf 90' lang='lat' dir='ltr'><strong>unum</strong></span> <span class='ocrx_word' id='word_1_26' title='bbox 432 1703 606 1768; x_wconf 85' lang='lat' dir='ltr'><strong>alterumve</strong></span> <span class='ocrx_word' id='word_1_27' title='bbox 631 1725 670 1765; x_wconf 89' lang='lat' dir='ltr'><strong>ex</strong></span> <span class='ocrx_word' id='word_1_28' title='bbox 694 1701 859 1764; x_wconf 87' lang='lat' dir='ltr'><strong>Historicis</strong></span> <span class='ocrx_word' id='word_1_29' title='bbox 880 1701 999 1764; x_wconf 84' lang='lat' dir='ltr'><strong>Latinis</strong></span> <span class='ocrx_word' id='word_1_30' title='bbox 1020 1701 1058 1764; x_wconf 91' lang='lat' dir='ltr'><strong>ad</strong></span> <span class='ocrx_word' id='word_1_31' title='bbox 1078 1705 1124 1763; x_wconf 90' lang='lat' dir='ltr'><strong>in-</strong></span> 
     </span>
     <span class='ocr_line' id='line_1_7' title="bbox 143 1803 1124 1886; baseline -0.002 -19"><span class='ocrx_word' id='word_1_32' title='bbox 143 1805 245 1867; x_wconf 86' lang='lat' dir='ltr'><strong>stituti</strong></span> <span class='ocrx_word' id='word_1_33' title='bbox 264 1803 362 1866; x_wconf 82' lang='lat' dir='ltr'><strong>nostri</strong></span> <span class='ocrx_word' id='word_1_34' title='bbox 384 1803 537 1866; x_wconf 88' lang='lat' dir='ltr'><strong>rationem</strong></span> <span class='ocrx_word' id='word_1_35' title='bbox 561 1818 755 1869; x_wconf 82' lang='lat' dir='ltr'><strong>exstructum</strong></span> <span class='ocrx_word' id='word_1_36' title='bbox 781 1804 862 1886; x_wconf 82' lang='lat' dir='ltr'><strong>typis</strong></span> <span class='ocrx_word' id='word_1_37' title='bbox 884 1803 1124 1866; x_wconf 87' lang='lat' dir='ltr'><strong>exscribendum</strong></span> 
     </span>
     <span class='ocr_line' id='line_1_8' title="bbox 143 1905 1124 1994; baseline -0.004 -24"><span class='ocrx_word' id='word_1_38' title='bbox 143 1927 255 1970; x_wconf 87' lang='lat' dir='ltr'><strong>curare</strong></span> <span class='ocrx_word' id='word_1_39' title='bbox 277 1908 513 1988; x_wconf 87' lang='lat' dir='ltr'><strong>constituerim,</strong></span> <span class='ocrx_word' id='word_1_40' title='bbox 539 1909 616 1994; x_wconf 91' lang='lat' dir='ltr'><strong>quid</strong></span> <span class='ocrx_word' id='word_1_41' title='bbox 642 1909 674 1970; x_wconf 92' lang='lat' dir='ltr'><strong>in</strong></span> <span class='ocrx_word' id='word_1_42' title='bbox 694 1908 804 1980; x_wconf 88' lang='lat' dir='ltr'><strong>Curtio</strong></span> <span class='ocrx_word' id='word_1_43' title='bbox 830 1905 1013 1971; x_wconf 91' lang='lat' dir='ltr'><strong>adornando</strong></span> <span class='ocrx_word' id='word_1_44' title='bbox 1033 1927 1124 1989; x_wconf 86' lang='lat' dir='ltr'><strong>prae·</strong></span> 
     </span>
     <span class='ocr_line' id='line_1_9' title="bbox 142 2007 1124 2096; baseline 0.002 -26"><span class='ocrx_word' id='word_1_45' title='bbox 142 2010 290 2088; x_wconf 86' lang='lat' dir='ltr'><strong>stiterim,</strong></span> <span class='ocrx_word' id='word_1_46' title='bbox 327 2013 436 2094; x_wconf 78' lang='lat' dir='ltr'><strong>paucis</strong></span> <span class='ocrx_word' id='word_1_47' title='bbox 464 2033 629 2096; x_wconf 80' lang='lat' dir='ltr'><strong>exponam.</strong></span> <span class='ocrx_word' id='word_1_48' title='bbox 665 2012 707 2074; x_wconf 91' lang='lat' dir='ltr'><strong>Et</strong></span> <span class='ocrx_word' id='word_1_49' title='bbox 737 2007 853 2092; x_wconf 82' lang='lat' dir='ltr'>arripio</span> <span class='ocrx_word' id='word_1_50' title='bbox 886 2011 1014 2092; x_wconf 88' lang='lat' dir='ltr'><strong>quidem</strong></span> <span class='ocrx_word' id='word_1_51' title='bbox 1044 2011 1124 2072; x_wconf 85' lang='lat' dir='ltr'><strong>hanc</strong></span> 
     </span>
     <span class='ocr_line' id='line_1_10' title="bbox 141 2111 1125 2200; baseline 0.001 -28"><span class='ocrx_word' id='word_1_52' title='bbox 141 2111 306 2195; x_wconf 83' lang='lat' dir='ltr'><strong>praefandi</strong></span> <span class='ocrx_word' id='word_1_53' title='bbox 326 2115 533 2194; x_wconf 78' lang='lat' dir='ltr'><strong>occasionem,</strong></span> <span class='ocrx_word' id='word_1_54' title='bbox 552 2137 616 2178; x_wconf 92' lang='lat' dir='ltr'><strong>non</strong></span> <span class='ocrx_word' id='word_1_55' title='bbox 636 2135 700 2200; x_wconf 82' lang='lat' dir='ltr'><strong>quo</strong></span> <span class='ocrx_word' id='word_1_56' title='bbox 720 2116 814 2198; x_wconf 81' lang='lat' dir='ltr'><strong>longo</strong></span> <span class='ocrx_word' id='word_1_57' title='bbox 837 2125 869 2174; x_wconf 87' lang='lat' dir='ltr'><strong>et</strong></span> <span class='ocrx_word' id='word_1_58' title='bbox 889 2113 1019 2196; x_wconf 89' lang='lat' dir='ltr'><strong>copioso</strong></span> <span class='ocrx_word' id='word_1_59' title='bbox 1040 2133 1125 2175; x_wconf 87' lang='lat' dir='ltr'><strong>com·</strong></span> 
     </span>
     <span class='ocr_line' id='line_1_11' title="bbox 142 2211 1125 2304; baseline 0.002 -28"><span class='ocrx_word' id='word_1_60' title='bbox 142 2215 296 2276; x_wconf 81' lang='lat' dir='ltr'><strong>menterio</strong></span> <span class='ocrx_word' id='word_1_61' title='bbox 326 2211 405 2298; x_wconf 86' lang='lat' dir='ltr'><strong>opus</strong></span> <span class='ocrx_word' id='word_1_62' title='bbox 434 2237 503 2279; x_wconf 86' lang='lat' dir='ltr'><strong>esse</strong></span> <span class='ocrx_word' id='word_1_63' title='bbox 529 2230 639 2301; x_wconf 92' lang='lat' dir='ltr'><strong>putem</strong></span> <span class='ocrx_word' id='word_1_64' title='bbox 667 2218 706 2279; x_wconf 92' lang='lat' dir='ltr'><strong>ad</strong></span> <span class='ocrx_word' id='word_1_65' title='bbox 733 2218 946 2301; x_wconf 83' lang='lat' dir='ltr'><strong>explicandam</strong></span> <span class='ocrx_word' id='word_1_66' title='bbox 974 2239 1067 2304; x_wconf 83' lang='lat' dir='ltr'><strong>quam</strong></span> <span class='ocrx_word' id='word_1_67' title='bbox 1093 2215 1125 2278; x_wconf 89' lang='lat' dir='ltr'><strong>in</strong></span> 
     </span>
     <span class='ocr_line' id='line_1_12' title="bbox 144 2316 1125 2405; baseline 0.004 -29"><span class='ocrx_word' id='word_1_68' title='bbox 144 2317 289 2378; x_wconf 85' lang='lat' dir='ltr'><strong>Curtium</strong></span> <span class='ocrx_word' id='word_1_69' title='bbox 309 2316 448 2400; x_wconf 90' lang='lat' dir='ltr'><strong>impendi</strong></span> <span class='ocrx_word' id='word_1_70' title='bbox 468 2339 585 2399; x_wconf 90' lang='lat' dir='ltr'><strong>curam,</strong></span> <span class='ocrx_word' id='word_1_71' title='bbox 606 2321 658 2404; x_wconf 88' lang='lat' dir='ltr'><strong>(ea</strong></span> <span class='ocrx_word' id='word_1_72' title='bbox 680 2321 761 2383; x_wconf 85' lang='lat' dir='ltr'><strong>enim</strong></span> <span class='ocrx_word' id='word_1_73' title='bbox 780 2321 971 2405; x_wconf 85' lang='lat' dir='ltr'><strong>paucissimis</strong></span> <span class='ocrx_word' id='word_1_74' title='bbox 992 2321 1125 2402; x_wconf 83' lang='lat' dir='ltr'><strong>explica-</strong></span> 
     </span>
     <span class='ocr_line' id='line_1_13' title="bbox 143 2421 1125 2502; baseline 0.003 -22"><span class='ocrx_word' id='word_1_75' title='bbox 143 2421 173 2481; x_wconf 90' lang='lat' dir='ltr'><strong>ri</strong></span> <span class='ocrx_word' id='word_1_76' title='bbox 194 2427 318 2502; x_wconf 86' lang='lat' dir='ltr'><strong>potest)</strong></span> <span class='ocrx_word' id='word_1_77' title='bbox 344 2421 402 2482; x_wconf 89' lang='lat' dir='ltr'><strong>sed</strong></span> <span class='ocrx_word' id='word_1_78' title='bbox 431 2441 470 2482; x_wconf 91' lang='lat' dir='ltr'><strong>eo</strong></span> <span class='ocrx_word' id='word_1_79' title='bbox 491 2423 610 2498; x_wconf 86' lang='lat' dir='ltr'><strong>animo,</strong></span> <span class='ocrx_word' id='word_1_80' title='bbox 637 2437 673 2485; x_wconf 90' lang='lat' dir='ltr'><strong>ut</strong></span> <span class='ocrx_word' id='word_1_81' title='bbox 698 2435 806 2486; x_wconf 90' lang='lat' dir='ltr'><strong>contra</strong></span> <span class='ocrx_word' id='word_1_82' title='bbox 836 2423 964 2484; x_wconf 82' lang='lat' dir='ltr'><strong>iniustas</strong></span> <span class='ocrx_word' id='word_1_83' title='bbox 992 2423 1125 2484; x_wconf 86' lang='lat' dir='ltr'><strong>aliorum</strong></span> 
     </span>
     <span class='ocr_line' id='line_1_14' title="bbox 144 2511 936 2607; baseline 0.01 -25"><span class='ocrx_word' id='word_1_84' title='bbox 144 2511 372 2600; x_wconf 51' lang='lat' dir='ltr'><strong>postulatione¹&#39;&#39;s¹</strong></span> <span class='ocrx_word' id='word_1_85' title='bbox 393 2534 427 2582; x_wconf 88' lang='lat' dir='ltr'><strong>et</strong></span> <span class='ocrx_word' id='word_1_86' title='bbox 445 2523 708 2602; x_wconf 83' lang='lat' dir='ltr'><strong>reprehensiones</strong></span> <span class='ocrx_word' id='word_1_87' title='bbox 728 2527 936 2607; x_wconf 83' lang='lat' dir='ltr'><strong>praemuniar.</strong></span> 
     </span>
    </p>

    <p class='ocr_par' dir='ltr' id='par_1_4' title="bbox 71 2623 1211 3532">
     <span class='ocr_line' id='line_1_15' title="bbox 224 2623 1125 2705; baseline 0.006 -24"><span class='ocrx_word' id='word_1_88' title='bbox 224 2623 325 2703; x_wconf 78' lang='lat' dir='ltr'><strong>Igitur</strong></span> <span class='ocrx_word' id='word_1_89' title='bbox 352 2623 453 2682; x_wconf 87' lang='lat' dir='ltr'><strong>trihus</strong></span> <span class='ocrx_word' id='word_1_90' title='bbox 479 2624 577 2684; x_wconf 91' lang='lat' dir='ltr'><strong>rebus</strong></span> <span class='ocrx_word' id='word_1_91' title='bbox 614 2643 743 2705; x_wconf 87' lang='lat' dir='ltr'><strong>operam</strong></span> <span class='ocrx_word' id='word_1_92' title='bbox 773 2649 875 2690; x_wconf 89' lang='lat' dir='ltr'><strong>meam</strong></span> <span class='ocrx_word' id='word_1_93' title='bbox 910 2625 1125 2696; x_wconf 85' lang='lat' dir='ltr'><strong>circumscribi</strong></span> 
     </span>
     <span class='ocr_line' id='line_1_16' title="bbox 147 2723 1126 2814; baseline 0.004 -28"><span class='ocrx_word' id='word_1_94' title='bbox 147 2724 236 2790; x_wconf 84' lang='lat' dir='ltr'><strong>scito.</strong></span> <span class='ocrx_word' id='word_1_95' title='bbox 271 2723 412 2784; x_wconf 89' lang='lat' dir='ltr'><strong>Primum</strong></span> <span class='ocrx_word' id='word_1_96' title='bbox 432 2725 513 2785; x_wconf 93' lang='lat' dir='ltr'><strong>enim</strong></span> <span class='ocrx_word' id='word_1_97' title='bbox 532 2737 653 2789; x_wconf 85' lang='lat' dir='ltr'><strong>textum</strong></span> <span class='ocrx_word' id='word_1_98' title='bbox 673 2753 767 2814; x_wconf 84' lang='lat' dir='ltr'><strong>quem</strong></span> <span class='ocrx_word' id='word_1_99' title='bbox 787 2746 901 2796; x_wconf 87' lang='lat' dir='ltr'><strong>vocant</strong></span> <span class='ocrx_word' id='word_1_100' title='bbox 920 2743 1066 2796; x_wconf 87' lang='lat' dir='ltr'><strong>accurato</strong></span> <span class='ocrx_word' id='word_1_101' title='bbox 1086 2729 1126 2790; x_wconf 86' lang='lat' dir='ltr'><strong>ad</strong></span> 
     </span>
     <span class='ocr_line' id='line_1_17' title="bbox 146 2819 1124 2913; baseline 0.002 -23"><span class='ocrx_word' id='word_1_102' title='bbox 146 2826 363 2890; x_wconf 80' lang='lat' dir='ltr'><strong>recensionem</strong></span> <span class='ocrx_word' id='word_1_103' title='bbox 384 2827 537 2908; x_wconf 79' lang='lat' dir='ltr'><strong>Theophili</strong></span> <span class='ocrx_word' id='word_1_104' title='bbox 547 2833 679 2913; x_wconf 83' lang='lat' dir='ltr'><strong>Zumptz&#39;i</strong></span> <span class='ocrx_word' id='word_1_105' title='bbox 699 2819 917 2899; x_wconf 80' lang='lat' dir='ltr'><strong>excudendum</strong></span> <span class='ocrx_word' id='word_1_106' title='bbox 938 2833 1055 2910; x_wconf 83' lang='lat' dir='ltr'><strong>curavi,</strong></span> <span class='ocrx_word' id='word_1_107' title='bbox 1074 2852 1124 2893; x_wconf 88' lang='lat' dir='ltr'><strong>re·</strong></span> 
     </span>
     <span class='ocr_line' id='line_1_18' title="bbox 145 2928 1211 3020; baseline 0.008 -29"><span class='ocrx_word' id='word_1_108' title='bbox 145 2928 219 2992; x_wconf 86' lang='lat' dir='ltr'><strong>ficta</strong></span> <span class='ocrx_word' id='word_1_109' title='bbox 244 2943 349 2992; x_wconf 89' lang='lat' dir='ltr'><strong>tamen</strong></span> <span class='ocrx_word' id='word_1_110' title='bbox 374 2930 427 2992; x_wconf 91' lang='lat' dir='ltr'><strong>hic</strong></span> <span class='ocrx_word' id='word_1_111' title='bbox 455 2930 519 2994; x_wconf 90' lang='lat' dir='ltr'><strong>illic</strong></span> <span class='ocrx_word' id='word_1_112' title='bbox 546 2933 817 3020; x_wconf 86' lang='lat' dir='ltr'><strong>interpunctione,</strong></span> <span class='ocrx_word' id='word_1_113' title='bbox 839 2953 871 3002; x_wconf 86' lang='lat' dir='ltr'><strong>et</strong></span> <span class='ocrx_word' id='word_1_114' title='bbox 893 2934 1127 3020; x_wconf 80' lang='lat' dir='ltr'><strong>orthographia,</strong></span> <span class='ocrx_word' id='word_1_115' title='bbox 1207 2959 1211 2970; x_wconf 93' lang='lat'><em>·</em></span> 
     </span>
     <span class='ocr_line' id='line_1_19' title="bbox 71 3035 1126 3124; baseline 0.002 -28"><span class='ocrx_word' id='word_1_116' title='bbox 71 3117 74 3124; x_wconf 29' lang='grc' dir='ltr'>Ι</span> <span class='ocrx_word' id='word_1_117' title='bbox 146 3036 178 3096; x_wconf 93' lang='lat' dir='ltr'><strong>in</strong></span> <span class='ocrx_word' id='word_1_118' title='bbox 197 3057 259 3120; x_wconf 80' lang='lat' dir='ltr'><strong>qua</strong></span> <span class='ocrx_word' id='word_1_119' title='bbox 278 3035 339 3099; x_wconf 85' lang='lat' dir='ltr'><strong>Vir</strong></span> <span class='ocrx_word' id='word_1_120' title='bbox 357 3035 405 3100; x_wconf 84' lang='lat' dir='ltr'><strong>cl.</strong></span> <span class='ocrx_word' id='word_1_121' title='bbox 425 3036 545 3097; x_wconf 89' lang='lat' dir='ltr'><strong>nimisa</strong></span> <span class='ocrx_word' id='word_1_122' title='bbox 565 3037 687 3120; x_wconf 79' lang='lat' dir='ltr'><strong>vulgari</strong></span> <span class='ocrx_word' id='word_1_123' title='bbox 705 3043 827 3105; x_wconf 86' lang='lat' dir='ltr'><strong>ratione</strong></span> <span class='ocrx_word' id='word_1_124' title='bbox 849 3041 1029 3104; x_wconf 82' lang='lat' dir='ltr'><strong>discessisse</strong></span> <span class='ocrx_word' id='word_1_125' title='bbox 1050 3037 1126 3099; x_wconf 88' lang='lat' dir='ltr'><strong>mihi</strong></span> 
     </span>
     <span class='ocr_line' id='line_1_20' title="bbox 146 3137 1164 3226; baseline 0.002 -26"><span class='ocrx_word' id='word_1_126' title='bbox 146 3138 320 3200; x_wconf 84' lang='lat' dir='ltr'><strong>videbatur.</strong></span> <span class='ocrx_word' id='word_1_127' title='bbox 351 3137 500 3222; x_wconf 77' lang='lat' dir='ltr'><strong>Quamvis</strong></span> <span class='ocrx_word' id='word_1_128' title='bbox 522 3138 603 3198; x_wconf 91' lang='lat' dir='ltr'><strong>enim</strong></span> <span class='ocrx_word' id='word_1_129' title='bbox 621 3143 850 3218; x_wconf 67' lang='lat' dir='ltr'><strong>murmannus,</strong></span> <span class='ocrx_word' id='word_1_130' title='bbox 874 3143 928 3225; x_wconf 87' lang='lat' dir='ltr'><strong>qui</strong></span> <span class='ocrx_word' id='word_1_131' title='bbox 947 3141 1126 3226; x_wconf 87' lang='lat' dir='ltr'><strong>nuperrime</strong></span> <span class='ocrx_word' id='word_1_132' title='bbox 1163 3169 1164 3174; x_wconf 43' lang='lat'>¹</span> 
     </span>
     <span class='ocr_line' id='line_1_21' title="bbox 93 3240 1127 3306; baseline 0 -3"><span class='ocrx_word' id='word_1_133' title='bbox 93 3259 95 3270; x_wconf 91' lang='grc'><strong><em>·</em></strong></span> <span class='ocrx_word' id='word_1_134' title='bbox 147 3242 314 3305; x_wconf 91' lang='lat' dir='ltr'><strong>admodum</strong></span> <span class='ocrx_word' id='word_1_135' title='bbox 335 3241 497 3302; x_wconf 77' lang='lat' dir='ltr'><strong>incursio</strong></span> <span class='ocrx_word' id='word_1_136' title='bbox 529 3240 653 3304; x_wconf 87' lang='lat' dir='ltr'><strong>edendo</strong></span> <span class='ocrx_word' id='word_1_137' title='bbox 678 3244 763 3305; x_wconf 89' lang='lat' dir='ltr'><strong>inter</strong></span> <span class='ocrx_word' id='word_1_138' title='bbox 790 3243 1074 3306; x_wconf 88' lang='lat' dir='ltr'><strong>Schmiederianam</strong></span> <span class='ocrx_word' id='word_1_139' title='bbox 1094 3255 1127 3303; x_wconf 84' lang='lat' dir='ltr'><strong>et</strong></span> 
     </span>
     <span class='ocr_line' id='line_1_22' title="bbox 149 3341 1147 3430; baseline 0 -24"><span class='ocrx_word' id='word_1_140' title='bbox 149 3346 366 3428; x_wconf 85' lang='lat' dir='ltr'><strong>Zumptianam</strong></span> <span class='ocrx_word' id='word_1_141' title='bbox 385 3341 488 3404; x_wconf 89' lang='lat' dir='ltr'><strong>media</strong></span> <span class='ocrx_word' id='word_1_142' title='bbox 509 3345 597 3426; x_wconf 88' lang='lat' dir='ltr'><strong>quasi</strong></span> <span class='ocrx_word' id='word_1_143' title='bbox 623 3346 673 3410; x_wconf 85' lang='lat' dir='ltr'><strong>via</strong></span> <span class='ocrx_word' id='word_1_144' title='bbox 692 3351 859 3430; x_wconf 88' lang='lat' dir='ltr'><strong>processit,</strong></span> <span class='ocrx_word' id='word_1_145' title='bbox 879 3345 1026 3428; x_wconf 85' lang='lat' dir='ltr'><strong>Zumptio</strong></span> <span class='ocrx_word' id='word_1_146' title='bbox 1047 3346 1147 3427; x_wconf 60' lang='lat' dir='ltr'><strong>acci,</strong></span> 
     </span>
     <span class='ocr_line' id='line_1_23' title="bbox 149 3445 1126 3532; baseline -0.002 -22"><span class='ocrx_word' id='word_1_147' title='bbox 149 3449 231 3532; x_wconf 66' lang='lat' dir='ltr'><strong>dsise</strong></span> <span class='ocrx_word' id='word_1_148' title='bbox 253 3450 345 3528; x_wconf 84' lang='lat' dir='ltr'><strong>dicat,</strong></span> <span class='ocrx_word' id='word_1_149' title='bbox 364 3460 400 3510; x_wconf 92' lang='lat' dir='ltr'><strong>ut</strong></span> <span class='ocrx_word' id='word_1_150' title='bbox 418 3445 493 3512; x_wconf 86' lang='lat' dir='ltr'><strong>novi</strong></span> <span class='ocrx_word' id='word_1_151' title='bbox 511 3457 616 3511; x_wconf 87' lang='lat' dir='ltr'><strong>textus</strong></span> <span class='ocrx_word' id='word_1_152' title='bbox 628 3449 835 3512; x_wconf 88' lang='lat' dir='ltr'><strong>constituendi</strong></span> <span class='ocrx_word' id='word_1_153' title='bbox 849 3469 957 3512; x_wconf 88' lang='lat' dir='ltr'><strong>amore</strong></span> <span class='ocrx_word' id='word_1_154' title='bbox 969 3448 1126 3510; x_wconf 86' lang='lat' dir='ltr'><strong>interdum</strong></span> 
     </span>
    </p>
   </div>
   <div class='ocr_carea' id='block_1_4' title="bbox 0 0 1330 3860">
    <p class='ocr_par' dir='ltr' id='par_1_5' title="bbox 0 0 1330 3860">
     <span class='ocr_line' id='line_1_24' title="bbox 0 0 1330 3860; baseline 0 0"><span class='ocrx_word' id='word_1_155' title='bbox 0 0 1330 3860; x_wconf 95' lang='lat' dir='ltr'><strong> </strong></span> 
     </span>
    </p>
   </div>
  </div>
 </body>
</html>
