2660 3864
314 245 343 288 tt

340 289 370 334 'ps

291 422 292 428 ,
373 375 489 427 SUPPL.
511 375 547 428 ΙΝ
564 376 598 442 Q.
616 373 779 432 cunctum
795 377 826 426 L.
839 374 874 426 ts.
1099 385 1134 437 79

133 541 262 605 campos
288 521 472 598 Adrasteus,
491 542 552 604 per
572 544 654 606 quae
676 523 829 584 Granicus
853 523 948 584 amnis
969 525 1137 608 praecipiti

132 625 232 668 cursu
255 603 405 665 volvitur.
449 602 496 662 lbi
523 605 651 687 quidam
685 625 724 664 ex
752 601 1022 685 speculatoribus,
1056 629 1136 688 quos

135 709 208 750 cum
228 683 420 766 Hegelocho
440 685 665 766 praemiserat,
685 685 810 744 reversi
830 683 989 761 nuntiant,
1022 687 1138 748 Persas

134 763 295 830 instructis
316 765 355 824 ad
375 764 536 846 proelium
558 764 720 825 ordinibus
742 763 773 822 in
793 764 949 826 ulteriore
969 765 1040 846 ripa
1063 789 1137 829 ton-

136 849 263 912 sistcre.·
304 845 474 926 Paulisper
498 847 729 919 commoratus,
751 843 826 904 dum
847 845 887 904 de
908 847 1041 906 transitu
1064 868 1137 909 con-

136 929 240 990 silium
262 936 402 1006 caperet,
424 923 522 984 duces
543 925 712 987 convocari
732 924 829 986 iubet.
857 924 1025 1009 Plerisque
1045 948 1138 1009 prae-

137 1008 239 1090 cipitis
261 1019 293 1066 et
317 1005 399 1065 irriti
420 1001 552 1068 conatus
578 1007 760 1080 videbatur,
788 1003 920 1066 lluvium
940 1007 1136 1087 profundum

137 1107 365 1170 perrumpere,
386 1087 487 1168 ripam
515 1105 571 1144 sua
596 1099 707 1146 natura
738 1086 867 1146 arduam
892 1099 985 1170 atque
1007 1087 1046 1146 im
1073 1089 1138 1150 edi-

137 1182 201 1230 tam
221 1165 434 1227 obtinentibus
455 1177 504 1226 tot
529 1165 560 1244 ³)
591 1169 732 1250 equitum
761 1167 969 1250 peditumque
989 1109 1137 1235 miliibus.

138 1251 205 1310 Nec
227 1247 378 1323 deerant,
402 1248 457 1331 qui
482 1247 682 1328 ingererent,
705 1247 855 1306 Daesium
881 1249 911 1319 ²¹)
935 1268 1075 1308 mensem
1098 1251 1138 1331 (is

138 1330 221 1390 enim
250 1327 423 1408 agebatur,
451 1327 540 1386 Iunio
568 1326 778 1406 respondens)
804 1326 971 1387 infaustum
1001 1348 1053 1387 res
1085 1351 1140 1412 gc-

138 1407 282 1470 rentibus
311 1407 396 1487 apud
423 1405 611 1466 Macedonas
644 1406 763 1468 haberi.
805 1409 857 1466 De
894 1407 1039 1488 periculo
1077 1431 1141 1471 non

140 1489 265 1564 ansius,
299 1486 560 1567 superstitionem
578 1484 663 1545 baud
686 1487 867 1549 contemsit:
891 1507 1024 1568 gnarus,
1046 1510 1141 1583 quan·

139 1582 207 1629 tum
227 1568 259 1626 iu
279 1567 413 1628 rudibus
436 1565 543 1627 animis
571 1568 695 1626 valeret
728 1567 823 1626 etiam
849 1587 948 1630 vanae
979 1569 1140 1651 religionis

140 1649 258 1730 opinio.
294 1650 307 1707 I
331 1647 396 1706 itur
417 1647 525 1724 edixit,
544 1657 590 1722 ut,
611 1646 751 1728 repetito
773 1647 888 1728 prioris
908 1649 1023 1708 mensis
1043 1650 1141 1710 nomi·

140 1751 198 1804 ne,
227 1747 288 1808 pro
352 1725 436 1788 acsio
469 1727 548 1788 alter
575 1727 762 1786 Artemisius
783 1727 966 1788 haberetur.
1012 1732 1055 1790 Et
1076 1751 1141 1814 quo

141 1807 301 1870 efficacius
315 1805 576 1870 confirmarentur
590 1808 741 1868 attonitae
761 1819 901 1884 mentes,
923 1811 1142 1870 Aristandrum

142 1883 227 1970 (nani
249 1889 274 1949 is
297 1889 386 1950 forte
409 1909 470 1970 pro
491 1887 625 1949 transitu
640 1885 851 1962 sacrificabat]
872 1901 997 1950 secroto
1021 1891 1144 1952 moneri

141 1969 240 2046 iubet,
259 1982 295 2030 ut
314 1981 522 2052 excepturum
550 1980 621 2030 exta
646 1990 771 2029 manum
799 1967 989 2030 inscriberet
1009 1971 1143 2032 medica·

141 2063 257 2124 mento,
278 2051 378 2112 literis
403 2051 554 2126 inversis,
589 2069 667 2132 quas
697 2049 884 2132 impositum
906 2050 996 2111 iecur
1022 2053 1169 2117 recentis

142 2130 244 2191 adbuc
260 2133 366 2195 calore
382 2131 567 2210 attraheret,
587 2142 757 2213 rectasque
776 2131 979 2213 exprimeret.
1021 2133 1061 2192 Iis
1084 2131 1144 2214 sig·

142 2209 345 2288 nilicabatur,
395 2213 576 2273 Alexandro
616 2211 783 2274 victoriam
830 2213 1010 2272 concedere
1042 2214 1140 2272 Deos.

142 2291 316 2374 Vulgatum
336 2293 369 2352 id
389 2293 576 2353 miraculum
596 2303 682 2351 tanta
701 2291 807 2350 l'uturi
825 2313 884 2372 spe
905 2312 1013 2352 omnes
1034 2291 1146 2373 imple-

143 2371 206 2441 vit,
236 2385 272 2432 ut
317 2383 365 2432 ost
390 2371 468 2432 haec
496 2383 560 2431 tam
582 2381 669 2430 certa
696 2371 842 2430 coelestis
869 2370 990 2430 favoris
1011 2372 1147 2454 pignora

142 2451 220 2511 nihil
251 2394 458 2511 dubitandum
479 2450 720 2510 conclamarent.
761 2452 806 2508 lta
827 2449 859 2508 in
879 2449 1043 2509 maximam
1063 2451 1148 2511 bene

145 2530 305 2611 gerendae
331 2530 381 2590 rei
407 2528 554 2588 fiduciam
580 2539 650 2587 astu
678 2527 814 2606 inducti,
856 2529 1040 2602 victoriam,
1074 2531 1147 2615 qula

145 2631 232 2668 suam
254 2629 323 2668 esse
345 2607 598 2686 arbitrabantur,
625 2621 810 2690 rapuerunt.
851 2609 1064 2690 Reximpetu
1084 2612 1146 2672 ani-

145 2709 271 2750 morum
291 2689 444 2749 utendum
464 2700 562 2766 ratus,
585 2709 774 2772 quamquam
795 2698 944 2750 mouente
964 2691 1148 2752 Parmenio-

146 2789 186 2828 ne
217 2769 265 2849 5),
294 2781 330 2830 ut
357 2770 469 2830 saltem
496 2769 673 2851 proximam
699 2769 805 2830 lucem
840 2769 1040 2851 operiretur,
1071 2773 1149 2846 (iam

148 2847 231 2908 enim
252 2849 352 2910 maior
375 2850 438 2910 diei
461 2873 534 2932 pars
556 2847 744 2930 effluxerat)
776 2849 881 2910 statim
902 2851 1076 2913 transduxit
1095 2872 1148 2913 co-

171 2930 226 3006 ias,
247 2929 463 2992 Parmenionis
485 2931 728 2992 sollicitudinem
750 2932 823 2993 ioco
843 2943 1049 3012 prosecutus,
1076 2953 1148 2992 erm·

146 2950 342 3072 bescendum
369 3011 579 3094 Hellesponto
608 3009 702 3090 fore,
729 3012 758 3072 si
783 3011 839 3076 illo
865 3021 1018 3094 superato
1045 3012 1149 3074 rivum

215 3277 244 3416 33
264 3279 373 3328 ‘Curtius
391 3282 419 3343 d,
434 3293 460 3344 9,
478 3292 521 3329 Μ.

215 3352 232 3402 lt
264 3348 396 3398 Plutarch.
406 3365 428 3398 c.
445 3349 487 3412 24.
501 3345 601 3411 Scalig.
623 3343 656 3395 de
675 3339 779 3395 emend.
798 3351 901 3410 tempp.
919 3325 972 3398 lib.¹
986 3359 1009 3394 ι,
1026 3343 1149 3428 Frontina
1180 3383 1184 3390 ,

152 3431 175 3479 ι’
195 3418 401 3552 1¹5³)llllutarcb.
420 3499 447 3536 c.
466 3489 509 3540 25.
528 3484 675 3546 Art-iamt,
696 3496 720 3548 5,
740 3495 762 3544 3.
781 3479 894 3530 Diodor.
915 3487 955 3542 17,
975 3485 1015 3544 19.
