<?xml version="1.0" encoding="UTF-8"?>
<!DOCTYPE html PUBLIC "-//W3C//DTD XHTML 1.0 Transitional//EN"
    "http://www.w3.org/TR/xhtml1/DTD/xhtml1-transitional.dtd">
<html xmlns="http://www.w3.org/1999/xhtml" xml:lang="en" lang="en">
 <head>
  <title>
</title>
<meta http-equiv="Content-Type" content="text/html;charset=utf-8" />
  <meta name='ocr-system' content='tesseract 3.04.00' />
  <meta name='ocr-capabilities' content='ocr_page ocr_carea ocr_par ocr_line ocrx_word'/>
</head>
<body>
  <div class='ocr_page' id='page_1' title='image "./degestisalexand01baumgoog_0023.png"; bbox 0 0 2636 3860; ppageno 0'>
   <div class='ocr_carea' id='block_1_1' title="bbox 417 343 1098 411">
    <p class='ocr_par' dir='ltr' id='par_1_1' title="bbox 417 343 1098 411">
     <span class='ocr_line' id='line_1_1' title="bbox 417 343 1098 411; baseline 0 -5"><span class='ocrx_word' id='word_1_1' title='bbox 417 363 551 408; x_wconf 81' lang='lat' dir='ltr'><strong>rorrrra</strong></span> <span class='ocrx_word' id='word_1_2' title='bbox 580 363 775 411; x_wconf 63' lang='lat' dir='ltr'><strong>narrantur,</strong></span> <span class='ocrx_word' id='word_1_3' title='bbox 1037 343 1098 408; x_wconf 75' lang='lat' dir='ltr'><strong>XV</strong></span> 
     </span>
    </p>
   </div>
   <div class='ocr_carea' id='block_1_2' title="bbox 22 501 1182 1614">
    <p class='ocr_par' dir='ltr' id='par_1_2' title="bbox 22 501 1105 880">
     <span class='ocr_line' id='line_1_2' title="bbox 97 501 1099 586; baseline -0.01 -13"><span class='ocrx_word' id='word_1_4' title='bbox 97 531 188 586; x_wconf 87' lang='lat' dir='ltr'><strong>rem,</strong></span> <span class='ocrx_word' id='word_1_5' title='bbox 222 507 274 571; x_wconf 89' lang='lat' dir='ltr'><strong>cui</strong></span> <span class='ocrx_word' id='word_1_6' title='bbox 303 501 471 566; x_wconf 70' lang='lat' dir='ltr'><strong>confestim</strong></span> <span class='ocrx_word' id='word_1_7' title='bbox 499 505 670 568; x_wconf 75' lang='lat' dir='ltr'><strong>oblocutus</strong></span> <span class='ocrx_word' id='word_1_8' title='bbox 698 518 749 568; x_wconf 85' lang='lat' dir='ltr'><strong>est</strong></span> <span class='ocrx_word' id='word_1_9' title='bbox 784 505 866 567; x_wconf 70' lang='lat' dir='ltr'><strong>Part</strong></span> <span class='ocrx_word' id='word_1_10' title='bbox 895 503 1099 574; x_wconf 79' lang='lat' dir='ltr'><strong>Buttman&#39;raer,</strong></span> 
     </span>
     <span class='ocr_line' id='line_1_3' title="bbox 22 603 1105 697; baseline -0.005 -24"><span class='ocrx_word' id='word_1_11' title='bbox 22 603 24 642; x_wconf 70' lang='lat'>³</span> <span class='ocrx_word' id='word_1_12' title='bbox 55 674 58 680; x_wconf 78' lang='grc'>,</span> <span class='ocrx_word' id='word_1_13' title='bbox 97 613 156 697; x_wconf 83' lang='lat' dir='ltr'><strong>qui</strong></span> <span class='ocrx_word' id='word_1_14' title='bbox 180 608 410 692; x_wconf 75' lang='lat' dir='ltr'><strong>Vespasianum</strong></span> <span class='ocrx_word' id='word_1_15' title='bbox 437 625 498 688; x_wconf 90' lang='lat' dir='ltr'><strong>pro</strong></span> <span class='ocrx_word' id='word_1_16' title='bbox 525 607 673 688; x_wconf 81' lang='lat' dir='ltr'>principe</span> <span class='ocrx_word' id='word_1_17' title='bbox 703 604 809 668; x_wconf 88' lang='lat' dir='ltr'><strong>Curtii</strong></span> <span class='ocrx_word' id='word_1_18' title='bbox 828 606 961 689; x_wconf 87' lang='lat' dir='ltr'><strong>accipit,</strong></span> <span class='ocrx_word' id='word_1_19' title='bbox 994 607 1105 670; x_wconf 83' lang='lat' dir='ltr'><strong>sudis·-</strong></span> 
     </span>
     <span class='ocr_line' id='line_1_4' title="bbox 96 708 1100 794; baseline -0.006 -18"><span class='ocrx_word' id='word_1_20' title='bbox 96 735 179 781; x_wconf 83' lang='lat' dir='ltr'><strong>mus.</strong></span> <span class='ocrx_word' id='word_1_21' title='bbox 216 715 275 774; x_wconf 89' lang='lat' dir='ltr'><strong>lile</strong></span> <span class='ocrx_word' id='word_1_22' title='bbox 293 731 373 773; x_wconf 84' lang='lat' dir='ltr'><strong>vero</strong></span> <span class='ocrx_word' id='word_1_23' title='bbox 395 709 582 770; x_wconf 86' lang='lat' dir='ltr'><strong>sententiam</strong></span> <span class='ocrx_word' id='word_1_24' title='bbox 603 728 691 770; x_wconf 85' lang='lat' dir='ltr'><strong>suam</strong></span> <span class='ocrx_word' id='word_1_25' title='bbox 713 708 761 772; x_wconf 88' lang='lat' dir='ltr'><strong>bis</strong></span> <span class='ocrx_word' id='word_1_26' title='bbox 782 730 885 794; x_wconf 88' lang='lat' dir='ltr'><strong>paene</strong></span> <span class='ocrx_word' id='word_1_27' title='bbox 904 709 1100 794; x_wconf 70' lang='lat' dir='ltr'><strong>argumentis</strong></span> 
     </span>
     <span class='ocr_line' id='line_1_5' title="bbox 97 811 1102 880; baseline -0.005 -2"><span class='ocrx_word' id='word_1_28' title='bbox 97 813 354 880; x_wconf 85' lang='lat' dir='ltr'><strong>commendatum</strong></span> <span class='ocrx_word' id='word_1_29' title='bbox 374 811 448 876; x_wconf 81' lang='lat' dir='ltr'><strong>ivit:</strong></span> <span class='ocrx_word' id='word_1_30' title='bbox 895 821 898 826; x_wconf 74' lang='grc'>“</span> <span class='ocrx_word' id='word_1_31' title='bbox 1098 871 1102 880; x_wconf 88' lang='grc'><em>,</em></span> 
     </span>
    </p>

    <p class='ocr_par' dir='ltr' id='par_1_3' title="bbox 96 913 1182 1614">
     <span class='ocr_line' id='line_1_6' title="bbox 183 913 1101 997; baseline -0.008 -17"><span class='ocrx_word' id='word_1_32' title='bbox 183 917 216 997; x_wconf 86' lang='lat' dir='ltr'><strong>s)</strong></span> <span class='ocrx_word' id='word_1_33' title='bbox 238 913 340 978; x_wconf 87' lang='lat' dir='ltr'><strong>Curtii</strong></span> <span class='ocrx_word' id='word_1_34' title='bbox 369 913 469 976; x_wconf 84' lang='lat' dir='ltr'><strong>verbs</strong></span> <span class='ocrx_word' id='word_1_35' title='bbox 496 933 534 976; x_wconf 89' lang='lat' dir='ltr'><strong>ea</strong></span> <span class='ocrx_word' id='word_1_36' title='bbox 564 928 685 978; x_wconf 87' lang='lat' dir='ltr'><strong>tautum</strong></span> <span class='ocrx_word' id='word_1_37' title='bbox 713 913 837 979; x_wconf 86' lang='lat' dir='ltr'><strong>ratione</strong></span> <span class='ocrx_word' id='word_1_38' title='bbox 870 933 943 977; x_wconf 83' lang='lat' dir='ltr'><strong>cum</strong></span> <span class='ocrx_word' id='word_1_39' title='bbox 975 913 1101 997; x_wconf 87' lang='lat' dir='ltr'><strong>reliqua</strong></span> 
     </span>
     <span class='ocr_line' id='line_1_7' title="bbox 96 1015 1102 1098; baseline -0.004 -18"><span class='ocrx_word' id='word_1_40' title='bbox 96 1017 279 1080; x_wconf 82' lang='lat' dir='ltr'><strong>narratione</strong></span> <span class='ocrx_word' id='word_1_41' title='bbox 301 1029 376 1098; x_wconf 91' lang='lat' dir='ltr'><strong>apto</strong></span> <span class='ocrx_word' id='word_1_42' title='bbox 397 1015 525 1092; x_wconf 85' lang='lat' dir='ltr'><strong>vinculo</strong></span> <span class='ocrx_word' id='word_1_43' title='bbox 547 1017 704 1093; x_wconf 89' lang='lat' dir='ltr'><strong>connecti,</strong></span> <span class='ocrx_word' id='word_1_44' title='bbox 724 1028 761 1078; x_wconf 89' lang='lat' dir='ltr'><strong>ut</strong></span> <span class='ocrx_word' id='word_1_45' title='bbox 777 1022 946 1093; x_wconf 73' lang='lat' dir='ltr'><strong>grauitatis</strong></span> <span class='ocrx_word' id='word_1_46' title='bbox 966 1028 1102 1090; x_wconf 33' lang='lat' dir='ltr'><strong>atanag-</strong></span> 
     </span>
     <span class='ocr_line' id='line_1_8' title="bbox 98 1117 1102 1205; baseline -0.003 -25"><span class='ocrx_word' id='word_1_47' title='bbox 98 1120 241 1181; x_wconf 78' lang='lat' dir='ltr'><strong>nitndr&#39;ais</strong></span> <span class='ocrx_word' id='word_1_48' title='bbox 262 1119 498 1182; x_wconf 86' lang='lat' dir='ltr'><strong>similitudinem</strong></span> <span class='ocrx_word' id='word_1_49' title='bbox 519 1119 710 1199; x_wconf 79' lang='lat' dir='ltr'><strong>respiciant,</strong></span> <span class='ocrx_word' id='word_1_50' title='bbox 737 1139 819 1205; x_wconf 85' lang='lat' dir='ltr'><strong>quae</strong></span> <span class='ocrx_word' id='word_1_51' title='bbox 848 1118 933 1186; x_wconf 88' lang='lat' dir='ltr'><strong>inter</strong></span> <span class='ocrx_word' id='word_1_52' title='bbox 952 1117 1102 1179; x_wconf 82' lang='lat' dir='ltr'><strong>Macedo·</strong></span> 
     </span>
     <span class='ocr_line' id='line_1_9' title="bbox 97 1220 1182 1310; baseline -0.002 -24"><span class='ocrx_word' id='word_1_53' title='bbox 97 1225 205 1286; x_wconf 83' lang='lat' dir='ltr'><strong>nicam</strong></span> <span class='ocrx_word' id='word_1_54' title='bbox 234 1243 388 1307; x_wconf 80' lang='lat' dir='ltr'><strong>regnum,</strong></span> <span class='ocrx_word' id='word_1_55' title='bbox 426 1230 555 1284; x_wconf 86' lang='lat' dir='ltr'><strong>mortuo</strong></span> <span class='ocrx_word' id='word_1_56' title='bbox 583 1220 785 1308; x_wconf 77' lang='lat' dir='ltr'><strong>Alexandro,</strong></span> <span class='ocrx_word' id='word_1_57' title='bbox 818 1235 851 1286; x_wconf 88' lang='lat' dir='ltr'><strong>et</strong></span> <span class='ocrx_word' id='word_1_58' title='bbox 884 1225 1102 1288; x_wconf 86' lang='lat' dir='ltr'><strong>Romanorum</strong></span> <span class='ocrx_word' id='word_1_59' title='bbox 1179 1304 1182 1310; x_wconf 69' lang='lat'><strong>,</strong></span> 
     </span>
     <span class='ocr_line' id='line_1_10' title="bbox 98 1321 1108 1408; baseline -0.004 -20"><span class='ocrx_word' id='word_1_60' title='bbox 98 1325 286 1408; x_wconf 84' lang='lat' dir='ltr'><strong>imperium,</strong></span> <span class='ocrx_word' id='word_1_61' title='bbox 318 1323 425 1386; x_wconf 87' lang='lat' dir='ltr'><strong>occiso</strong></span> <span class='ocrx_word' id='word_1_62' title='bbox 453 1323 488 1385; x_wconf 87' lang='lat' dir='ltr'><strong>C.</strong></span> <span class='ocrx_word' id='word_1_63' title='bbox 519 1323 541 1382; x_wconf 89' lang='lat' dir='ltr'><strong>l.</strong></span> <span class='ocrx_word' id='word_1_64' title='bbox 573 1323 733 1403; x_wconf 77' lang='lat' dir='ltr'><strong>Caesare,</strong></span> <span class='ocrx_word' id='word_1_65' title='bbox 760 1323 978 1388; x_wconf 84' lang='lat' dir='ltr'><strong>intercesserit</strong></span> <span class='ocrx_word' id='word_1_66' title='bbox 985 1345 996 1402; x_wconf 85' lang='lat'>3</span> <span class='ocrx_word' id='word_1_67' title='bbox 1022 1321 1108 1393; x_wconf 64' lang='lat' dir='ltr'><strong>iuuat,</strong></span> 
     </span>
     <span class='ocr_line' id='line_1_11' title="bbox 99 1425 1103 1510; baseline -0.004 -20"><span class='ocrx_word' id='word_1_68' title='bbox 99 1427 182 1490; x_wconf 90' lang='lat' dir='ltr'><strong>euim</strong></span> <span class='ocrx_word' id='word_1_69' title='bbox 204 1426 293 1508; x_wconf 83' lang='lat' dir='ltr'><strong>prius</strong></span> <span class='ocrx_word' id='word_1_70' title='bbox 316 1425 544 1500; x_wconf 82' lang='lat' dir='ltr'><strong>Macedonum,</strong></span> <span class='ocrx_word' id='word_1_71' title='bbox 573 1425 662 1508; x_wconf 85' lang='lat' dir='ltr'><strong>quod</strong></span> <span class='ocrx_word' id='word_1_72' title='bbox 690 1436 819 1510; x_wconf 89' lang='lat' dir='ltr'><strong>poterat</strong></span> <span class='ocrx_word' id='word_1_73' title='bbox 848 1445 911 1487; x_wconf 91' lang='lat' dir='ltr'><strong>non</strong></span> <span class='ocrx_word' id='word_1_74' title='bbox 931 1425 1103 1486; x_wconf 76' lang='lat' dir='ltr'><strong>sisinnius</strong></span> 
     </span>
     <span class='ocr_line' id='line_1_12' title="bbox 98 1525 1104 1614; baseline -0.003 -23"><span class='ocrx_word' id='word_1_75' title='bbox 98 1529 254 1614; x_wconf 82' lang='lat' dir='ltr'><strong>regimine</strong></span> <span class='ocrx_word' id='word_1_76' title='bbox 280 1525 450 1603; x_wconf 85' lang='lat' dir='ltr'><strong>sustineri,</strong></span> <span class='ocrx_word' id='word_1_77' title='bbox 478 1526 635 1603; x_wconf 85' lang='lat' dir='ltr'><strong>concidit,</strong></span> <span class='ocrx_word' id='word_1_78' title='bbox 657 1525 804 1608; x_wconf 83' lang='lat' dir='ltr'><strong>pluribus</strong></span> <span class='ocrx_word' id='word_1_79' title='bbox 833 1525 964 1608; x_wconf 85' lang='lat' dir='ltr'><strong>quidem</strong></span> <span class='ocrx_word' id='word_1_80' title='bbox 993 1541 1104 1588; x_wconf 78' lang='lat' dir='ltr'><strong>curam</strong></span> 
     </span>
    </p>
   </div>
   <div class='ocr_carea' id='block_1_3' title="bbox 98 1627 1204 1720">
    <p class='ocr_par' dir='ltr' id='par_1_4' title="bbox 98 1627 1204 1720">
     <span class='ocr_line' id='line_1_13' title="bbox 98 1627 1204 1720; baseline -0.003 -28"><span class='ocrx_word' id='word_1_81' title='bbox 98 1631 169 1712; x_wconf 87' lang='lat' dir='ltr'><strong>ojus</strong></span> <span class='ocrx_word' id='word_1_82' title='bbox 190 1627 454 1711; x_wconf 85' lang='lat' dir='ltr'><strong>suscipientibus,</strong></span> <span class='ocrx_word' id='word_1_83' title='bbox 483 1627 541 1690; x_wconf 87' lang='lat' dir='ltr'><strong>sed</strong></span> <span class='ocrx_word' id='word_1_84' title='bbox 561 1627 793 1692; x_wconf 84' lang='lat' dir='ltr'><strong>dissecantibus</strong></span> <span class='ocrx_word' id='word_1_85' title='bbox 821 1628 919 1690; x_wconf 85' lang='lat' dir='ltr'><strong>etiam</strong></span> <span class='ocrx_word' id='word_1_86' title='bbox 944 1628 1014 1711; x_wconf 88' lang='lat' dir='ltr'><strong>ejus</strong></span> <span class='ocrx_word' id='word_1_87' title='bbox 1041 1633 1100 1710; x_wconf 87' lang='lat' dir='ltr'><strong>po·</strong></span> <span class='ocrx_word' id='word_1_88' title='bbox 1200 1708 1204 1720; x_wconf 35' lang='grc'><strong><em>1</em></strong></span> 
     </span>
    </p>
   </div>
   <div class='ocr_carea' id='block_1_4' title="bbox 98 1727 1104 2435">
    <p class='ocr_par' dir='ltr' id='par_1_5' title="bbox 98 1727 1104 2017">
     <span class='ocr_line' id='line_1_14' title="bbox 98 1727 1103 1815; baseline -0.003 -22"><span class='ocrx_word' id='word_1_89' title='bbox 98 1731 230 1794; x_wconf 87' lang='lat' dir='ltr'><strong>tentiam</strong></span> <span class='ocrx_word' id='word_1_90' title='bbox 251 1727 347 1815; x_wconf 80' lang='lat' dir='ltr'><strong>atque</strong></span> <span class='ocrx_word' id='word_1_91' title='bbox 368 1728 570 1813; x_wconf 66' lang='lat' dir='ltr'><strong>dignitatem</strong></span> <span class='ocrx_word' id='word_1_92' title='bbox 598 1731 760 1813; x_wconf 77' lang='lat' dir='ltr'><strong>posterius</strong></span> <span class='ocrx_word' id='word_1_93' title='bbox 787 1750 894 1808; x_wconf 78' lang='lat' dir='ltr'><strong>sero,</strong></span> <span class='ocrx_word' id='word_1_94' title='bbox 919 1731 1028 1794; x_wconf 88' lang='lat' dir='ltr'><strong>multis</strong></span> <span class='ocrx_word' id='word_1_95' title='bbox 1048 1749 1103 1792; x_wconf 80' lang='lat' dir='ltr'><strong>va·</strong></span> 
     </span>
     <span class='ocr_line' id='line_1_15' title="bbox 99 1830 1104 1916; baseline -0.003 -22"><span class='ocrx_word' id='word_1_96' title='bbox 99 1832 220 1916; x_wconf 87' lang='lat' dir='ltr'><strong>riisque</strong></span> <span class='ocrx_word' id='word_1_97' title='bbox 247 1831 369 1905; x_wconf 73' lang='lat' dir='ltr'><strong>uiribus</strong></span> <span class='ocrx_word' id='word_1_98' title='bbox 403 1830 434 1891; x_wconf 91' lang='lat' dir='ltr'><strong>iu</strong></span> <span class='ocrx_word' id='word_1_99' title='bbox 468 1849 533 1892; x_wconf 90' lang='lat' dir='ltr'><strong>uno</strong></span> <span class='ocrx_word' id='word_1_100' title='bbox 564 1832 700 1896; x_wconf 83' lang='lat' dir='ltr'><strong>Caesare</strong></span> <span class='ocrx_word' id='word_1_101' title='bbox 731 1835 882 1916; x_wconf 75' lang='lat' dir='ltr'><strong>Augusto</strong></span> <span class='ocrx_word' id='word_1_102' title='bbox 914 1830 1104 1908; x_wconf 87' lang='lat' dir='ltr'><strong>coniunctis,</strong></span> 
     </span>
     <span class='ocr_line' id='line_1_16' title="bbox 100 1931 689 2017; baseline -0.002 -22"><span class='ocrx_word' id='word_1_103' title='bbox 100 1933 269 1996; x_wconf 83' lang='lat' dir='ltr'><strong>laetissime</strong></span> <span class='ocrx_word' id='word_1_104' title='bbox 291 1933 440 2000; x_wconf 87' lang='lat' dir='ltr'><strong>florebat.</strong></span> <span class='ocrx_word' id='word_1_105' title='bbox 484 1931 534 2000; x_wconf 84' lang='lat' dir='ltr'><strong>ef.</strong></span> <span class='ocrx_word' id='word_1_106' title='bbox 560 1955 633 2017; x_wconf 79' lang='lat' dir='ltr'><strong>pag.</strong></span> <span class='ocrx_word' id='word_1_107' title='bbox 660 1937 689 1999; x_wconf 81' lang='lat' dir='ltr'><strong>b.</strong></span> 
     </span>
    </p>

    <p class='ocr_par' dir='ltr' id='par_1_6' title="bbox 99 2037 1104 2435">
     <span class='ocr_line' id='line_1_17' title="bbox 180 2037 1104 2122; baseline -0.001 -24"><span class='ocrx_word' id='word_1_108' title='bbox 180 2037 214 2117; x_wconf 81' lang='lat' dir='ltr'><strong>a)</strong></span> <span class='ocrx_word' id='word_1_109' title='bbox 235 2040 362 2102; x_wconf 88' lang='lat' dir='ltr'><strong>Durum</strong></span> <span class='ocrx_word' id='word_1_110' title='bbox 382 2055 452 2100; x_wconf 87' lang='lat' dir='ltr'><strong>esse</strong></span> <span class='ocrx_word' id='word_1_111' title='bbox 473 2046 507 2096; x_wconf 89' lang='lat' dir='ltr'><strong>et</strong></span> <span class='ocrx_word' id='word_1_112' title='bbox 527 2049 667 2100; x_wconf 88' lang='lat' dir='ltr'><strong>amente</strong></span> <span class='ocrx_word' id='word_1_113' title='bbox 687 2039 855 2122; x_wconf 85' lang='lat' dir='ltr'><strong>scriptoris</strong></span> <span class='ocrx_word' id='word_1_114' title='bbox 876 2040 1031 2114; x_wconf 87' lang='lat' dir='ltr'><strong>alienum,</strong></span> <span class='ocrx_word' id='word_1_115' title='bbox 1053 2059 1104 2098; x_wconf 88' lang='lat' dir='ltr'><strong>no-</strong></span> 
     </span>
     <span class='ocr_line' id='line_1_18' title="bbox 100 2137 1104 2229; baseline -0.004 -26"><span class='ocrx_word' id='word_1_116' title='bbox 100 2163 168 2203; x_wconf 78' lang='lat' dir='ltr'><strong>rum</strong></span> <span class='ocrx_word' id='word_1_117' title='bbox 186 2140 277 2210; x_wconf 83' lang='lat' dir='ltr'><strong>sidus,</strong></span> <span class='ocrx_word' id='word_1_118' title='bbox 299 2157 364 2224; x_wconf 86' lang='lat' dir='ltr'><strong>quo</strong></span> <span class='ocrx_word' id='word_1_119' title='bbox 385 2137 595 2200; x_wconf 84' lang='lat' dir='ltr'><strong>illucescente</strong></span> <span class='ocrx_word' id='word_1_120' title='bbox 615 2141 758 2229; x_wconf 89' lang='lat' dir='ltr'><strong>Principi</strong></span> <span class='ocrx_word' id='word_1_121' title='bbox 786 2161 846 2203; x_wconf 87' lang='lat' dir='ltr'><strong>suo</strong></span> <span class='ocrx_word' id='word_1_122' title='bbox 879 2139 966 2204; x_wconf 89' lang='lat' dir='ltr'><strong>orbis</strong></span> <span class='ocrx_word' id='word_1_123' title='bbox 986 2141 1104 2201; x_wconf 84' lang='lat' dir='ltr'><strong>Roma·</strong></span> 
     </span>
     <span class='ocr_line' id='line_1_19' title="bbox 99 2239 1104 2324; baseline 0 -22"><span class='ocrx_word' id='word_1_124' title='bbox 99 2263 158 2304; x_wconf 86' lang='lat' dir='ltr'><strong>nus</strong></span> <span class='ocrx_word' id='word_1_125' title='bbox 186 2241 320 2304; x_wconf 88' lang='lat' dir='ltr'><strong>salntem</strong></span> <span class='ocrx_word' id='word_1_126' title='bbox 347 2239 514 2318; x_wconf 84' lang='lat' dir='ltr'><strong>debuerit,</strong></span> <span class='ocrx_word' id='word_1_127' title='bbox 547 2239 684 2324; x_wconf 82' lang='lat' dir='ltr'><strong>figurate</strong></span> <span class='ocrx_word' id='word_1_128' title='bbox 712 2243 753 2304; x_wconf 86' lang='lat' dir='ltr'><strong>de</strong></span> <span class='ocrx_word' id='word_1_129' title='bbox 781 2243 851 2324; x_wconf 92' lang='lat' dir='ltr'><strong>ipso</strong></span> <span class='ocrx_word' id='word_1_130' title='bbox 882 2241 1028 2324; x_wconf 84' lang='lat' dir='ltr'><strong>principe</strong></span> <span class='ocrx_word' id='word_1_131' title='bbox 1058 2241 1104 2302; x_wconf 87' lang='lat' dir='ltr'><strong>iu·</strong></span> 
     </span>
     <span class='ocr_line' id='line_1_20' title="bbox 101 2321 1103 2435; baseline -0.005 -28"><span class='ocrx_word' id='word_1_132' title='bbox 101 2321 204 2428; x_wconf 81' lang='lat' dir='ltr'><strong>telligi</strong></span> <span class='ocrx_word' id='word_1_133' title='bbox 229 2340 291 2424; x_wconf 80' lang='lat'><strong>¹³),</strong></span> <span class='ocrx_word' id='word_1_134' title='bbox 328 2361 433 2435; x_wconf 71' lang='lat' dir='ltr'><strong>neque</strong></span> <span class='ocrx_word' id='word_1_135' title='bbox 463 2341 504 2404; x_wconf 89' lang='lat' dir='ltr'><strong>de</strong></span> <span class='ocrx_word' id='word_1_136' title='bbox 531 2340 650 2424; x_wconf 83' lang='lat' dir='ltr'><strong>duplici</strong></span> <span class='ocrx_word' id='word_1_137' title='bbox 679 2353 712 2404; x_wconf 88' lang='lat' dir='ltr'><strong>et</strong></span> <span class='ocrx_word' id='word_1_138' title='bbox 732 2343 826 2408; x_wconf 78' lang='lat' dir='ltr'><strong>valde</strong></span> <span class='ocrx_word' id='word_1_139' title='bbox 846 2343 929 2405; x_wconf 89' lang='lat' dir='ltr'><strong>miro</strong></span> <span class='ocrx_word' id='word_1_140' title='bbox 951 2339 1103 2424; x_wconf 80' lang='lat' dir='ltr'><strong>prodigio</strong></span> 
     </span>
    </p>
   </div>
   <div class='ocr_carea' id='block_1_5' title="bbox 105 2528 303 2548">
    <p class='ocr_par' dir='ltr' id='par_1_7' title="bbox 105 2528 303 2548">
     <span class='ocr_line' id='line_1_21' title="bbox 105 2528 303 2548; baseline 0 -4"><span class='ocrx_word' id='word_1_141' title='bbox 105 2528 303 2548; x_wconf 58' lang='grc' dir='ltr'><em>Μ</em></span> 
     </span>
    </p>
   </div>
   <div class='ocr_carea' id='block_1_6' title="bbox 102 2647 1107 2992">
    <p class='ocr_par' dir='ltr' id='par_1_8' title="bbox 102 2647 1107 2992">
     <span class='ocr_line' id='line_1_22' title="bbox 157 2647 1105 2718; baseline 0.005 -17"><span class='ocrx_word' id='word_1_142' title='bbox 157 2648 200 2718; x_wconf 87' lang='grc'><strong>18)</strong></span> <span class='ocrx_word' id='word_1_143' title='bbox 218 2650 249 2702; x_wconf 92' lang='lat' dir='ltr'><strong>ln</strong></span> <span class='ocrx_word' id='word_1_144' title='bbox 267 2650 318 2702; x_wconf 88' lang='lat' dir='ltr'><strong>boc</strong></span> <span class='ocrx_word' id='word_1_145' title='bbox 338 2651 410 2702; x_wconf 88' lang='lat' dir='ltr'><strong>enim</strong></span> <span class='ocrx_word' id='word_1_146' title='bbox 434 2647 534 2700; x_wconf 85' lang='lat' dir='ltr'><strong>Hirtius</strong></span> <span class='ocrx_word' id='word_1_147' title='bbox 558 2664 613 2700; x_wconf 90' lang='lat' dir='ltr'><strong>non</strong></span> <span class='ocrx_word' id='word_1_148' title='bbox 643 2653 779 2702; x_wconf 82' lang='lat' dir='ltr'><strong>consentit</strong></span> <span class='ocrx_word' id='word_1_149' title='bbox 801 2667 861 2704; x_wconf 89' lang='lat' dir='ltr'><strong>cum</strong></span> <span class='ocrx_word' id='word_1_150' title='bbox 888 2654 1105 2706; x_wconf 78' lang='lat' dir='ltr'><strong>antecessoribus</strong></span> 
     </span>
     <span class='ocr_line' id='line_1_23' title="bbox 105 2717 1106 2790; baseline 0.002 -20"><span class='ocrx_word' id='word_1_151' title='bbox 105 2718 219 2782; x_wconf 80' lang='lat' dir='ltr'><strong>Pjtboeo</strong></span> <span class='ocrx_word' id='word_1_152' title='bbox 239 2727 267 2770; x_wconf 88' lang='lat' dir='ltr'><strong>et</strong></span> <span class='ocrx_word' id='word_1_153' title='bbox 284 2719 445 2786; x_wconf 83' lang='lat' dir='ltr'><strong>Bongarsio,</strong></span> <span class='ocrx_word' id='word_1_154' title='bbox 471 2717 535 2784; x_wconf 90' lang='lat' dir='ltr'><strong>qni,</strong></span> <span class='ocrx_word' id='word_1_155' title='bbox 554 2717 673 2786; x_wconf 76' lang='lat' dir='ltr'><strong>quamvis</strong></span> <span class='ocrx_word' id='word_1_156' title='bbox 695 2717 784 2773; x_wconf 89' lang='lat' dir='ltr'><strong>Curtii</strong></span> <span class='ocrx_word' id='word_1_157' title='bbox 812 2723 902 2772; x_wconf 89' lang='lat' dir='ltr'><strong>locum</strong></span> <span class='ocrx_word' id='word_1_158' title='bbox 926 2721 961 2773; x_wconf 91' lang='lat' dir='ltr'><strong>de</strong></span> <span class='ocrx_word' id='word_1_159' title='bbox 990 2723 1106 2790; x_wconf 89' lang='lat' dir='ltr'><strong>imperio</strong></span> 
     </span>
     <span class='ocr_line' id='line_1_24' title="bbox 103 2787 1107 2856; baseline 0.004 -20"><span class='ocrx_word' id='word_1_160' title='bbox 103 2789 239 2854; x_wconf 71' lang='lat' dir='ltr'><strong>Augustae</strong></span> <span class='ocrx_word' id='word_1_161' title='bbox 259 2788 425 2854; x_wconf 79' lang='lat' dir='ltr'><strong>intelligant,</strong></span> <span class='ocrx_word' id='word_1_162' title='bbox 455 2802 510 2836; x_wconf 92' lang='lat' dir='ltr'><strong>nou</strong></span> <span class='ocrx_word' id='word_1_163' title='bbox 536 2795 626 2838; x_wconf 87' lang='lat' dir='ltr'><strong>tamen</strong></span> <span class='ocrx_word' id='word_1_164' title='bbox 645 2803 678 2838; x_wconf 85' lang='lat' dir='ltr'><strong>eo</strong></span> <span class='ocrx_word' id='word_1_165' title='bbox 702 2805 785 2854; x_wconf 88' lang='lat' dir='ltr'><strong>usque</strong></span> <span class='ocrx_word' id='word_1_166' title='bbox 805 2787 944 2841; x_wconf 85' lang='lat' dir='ltr'><strong>inhaerent</strong></span> <span class='ocrx_word' id='word_1_167' title='bbox 963 2791 1107 2856; x_wconf 81' lang='lat' dir='ltr'><strong>scriptoris</strong></span> 
     </span>
     <span class='ocr_line' id='line_1_25' title="bbox 102 2855 1106 2923; baseline -0.001 -15"><span class='ocrx_word' id='word_1_168' title='bbox 102 2857 189 2908; x_wconf 85' lang='lat' dir='ltr'><strong>verbis</strong></span> <span class='ocrx_word' id='word_1_169' title='bbox 210 2872 240 2907; x_wconf 85' lang='lat' dir='ltr'><strong>ea</strong></span> <span class='ocrx_word' id='word_1_170' title='bbox 260 2871 295 2906; x_wconf 92' lang='lat' dir='ltr'><strong>ne</strong></span> <span class='ocrx_word' id='word_1_171' title='bbox 312 2863 416 2920; x_wconf 83' lang='lat' dir='ltr'><strong>urgent,</strong></span> <span class='ocrx_word' id='word_1_172' title='bbox 434 2863 465 2904; x_wconf 91' lang='lat' dir='ltr'><strong>ut</strong></span> <span class='ocrx_word' id='word_1_173' title='bbox 482 2858 595 2923; x_wconf 84' lang='lat' dir='ltr'><strong>proprie</strong></span> <span class='ocrx_word' id='word_1_174' title='bbox 616 2871 647 2905; x_wconf 86' lang='lat' dir='ltr'><strong>ea</strong></span> <span class='ocrx_word' id='word_1_175' title='bbox 669 2856 891 2923; x_wconf 80' lang='lat' dir='ltr'><strong>interpretentur,</strong></span> <span class='ocrx_word' id='word_1_176' title='bbox 915 2855 964 2908; x_wconf 87' lang='lat' dir='ltr'><strong>sed</strong></span> <span class='ocrx_word' id='word_1_177' title='bbox 1005 2867 1106 2923; x_wconf 59' lang='lat' dir='ltr'><strong>purete</strong></span> 
     </span>
     <span class='ocr_line' id='line_1_26' title="bbox 103 2873 1107 2992; baseline -0.004 -14"><span class='ocrx_word' id='word_1_178' title='bbox 103 2925 225 2978; x_wconf 85' lang='lat' dir='ltr'><strong>Curtium</strong></span> <span class='ocrx_word' id='word_1_179' title='bbox 242 2873 321 2990; x_wconf 66' lang='lat' dir='ltr'><strong>ioqui</strong></span> <span class='ocrx_word' id='word_1_180' title='bbox 339 2930 485 2974; x_wconf 86' lang='lat' dir='ltr'><strong>statuentes</strong></span> <span class='ocrx_word' id='word_1_181' title='bbox 504 2923 662 2974; x_wconf 83' lang='lat' dir='ltr'><strong>sententiam</strong></span> <span class='ocrx_word' id='word_1_182' title='bbox 680 2941 754 2974; x_wconf 87' lang='lat' dir='ltr'><strong>snum</strong></span> <span class='ocrx_word' id='word_1_183' title='bbox 772 2932 914 2988; x_wconf 83' lang='lat' dir='ltr'><strong>tueantur;</strong></span> <span class='ocrx_word' id='word_1_184' title='bbox 934 2941 971 2973; x_wconf 91' lang='lat' dir='ltr'><strong>un</strong></span> <span class='ocrx_word' id='word_1_185' title='bbox 992 2931 1107 2992; x_wconf 66' lang='lat' dir='ltr'><strong>oprtet,</strong></span> 
     </span>
    </p>
   </div>
   <div class='ocr_carea' id='block_1_7' title="bbox 20 2989 1106 3126">
    <p class='ocr_par' dir='ltr' id='par_1_9' title="bbox 20 2989 1106 3126">
     <span class='ocr_line' id='line_1_27' title="bbox 20 2989 1106 3058; baseline -0.004 -14"><span class='ocrx_word' id='word_1_186' title='bbox 20 3023 22 3050; x_wconf 86' lang='grc'>;</span> <span class='ocrx_word' id='word_1_187' title='bbox 103 2993 160 3044; x_wconf 82' lang='lat' dir='ltr'><strong>aliis</strong></span> <span class='ocrx_word' id='word_1_188' title='bbox 177 2991 338 3058; x_wconf 80' lang='lat' dir='ltr'><strong>argumentis</strong></span> <span class='ocrx_word' id='word_1_189' title='bbox 354 2989 402 3039; x_wconf 91' lang='lat' dir='ltr'><strong>hos</strong></span> <span class='ocrx_word' id='word_1_190' title='bbox 421 3007 478 3041; x_wconf 87' lang='lat' dir='ltr'><strong>esse</strong></span> <span class='ocrx_word' id='word_1_191' title='bbox 495 2989 650 3054; x_wconf 81' lang='lat' dir='ltr'><strong>vincendos,</strong></span> <span class='ocrx_word' id='word_1_192' title='bbox 664 2989 726 3042; x_wconf 74' lang='lat' dir='ltr'><strong>aliis</strong></span> <span class='ocrx_word' id='word_1_193' title='bbox 743 3005 807 3040; x_wconf 83' lang='lat' dir='ltr'><strong>vero</strong></span> <span class='ocrx_word' id='word_1_194' title='bbox 820 2992 1016 3042; x_wconf 77' lang='lat' dir='ltr'><strong>confutandum</strong></span> <span class='ocrx_word' id='word_1_195' title='bbox 1037 2992 1106 3041; x_wconf 81' lang='lat' dir='ltr'><strong>Hir·-</strong></span> 
     </span>
     <span class='ocr_line' id='line_1_28' title="bbox 21 3057 1105 3126; baseline 0.001 -18"><span class='ocrx_word' id='word_1_196' title='bbox 21 3069 22 3072; x_wconf 77' lang='grc'>’</span> <span class='ocrx_word' id='word_1_197' title='bbox 103 3061 191 3121; x_wconf 75' lang='lat' dir='ltr'><strong>tt&#39;um,·</strong></span> <span class='ocrx_word' id='word_1_198' title='bbox 210 3057 284 3126; x_wconf 88' lang='lat' dir='ltr'><strong>quod</strong></span> <span class='ocrx_word' id='word_1_199' title='bbox 301 3067 410 3125; x_wconf 86' lang='lat' dir='ltr'><strong>praeter</strong></span> <span class='ocrx_word' id='word_1_200' title='bbox 428 3059 617 3108; x_wconf 84' lang='lat' dir='ltr'><strong>Buttmannum</strong></span> <span class='ocrx_word' id='word_1_201' title='bbox 637 3060 742 3125; x_wconf 79' lang='lat' dir='ltr'><strong>egregie</strong></span> <span class='ocrx_word' id='word_1_202' title='bbox 762 3059 827 3110; x_wconf 86' lang='lat' dir='ltr'><strong>lecit</strong></span> <span class='ocrx_word' id='word_1_203' title='bbox 846 3059 973 3124; x_wconf 74' lang='lat' dir='ltr'><strong>Pinzger.</strong></span> <span class='ocrx_word' id='word_1_204' title='bbox 997 3060 1105 3110; x_wconf 85' lang='lat' dir='ltr'><strong>Etenim</strong></span> 
     </span>
    </p>
   </div>
   <div class='ocr_carea' id='block_1_8' title="bbox 103 3118 1107 3327">
    <p class='ocr_par' dir='ltr' id='par_1_10' title="bbox 103 3118 1107 3327">
     <span class='ocr_line' id='line_1_29' title="bbox 103 3118 1106 3192; baseline -0.002 -12"><span class='ocrx_word' id='word_1_205' title='bbox 103 3127 126 3180; x_wconf 83' lang='lat' dir='ltr'><strong>si</strong></span> <span class='ocrx_word' id='word_1_206' title='bbox 143 3138 248 3178; x_wconf 84' lang='lat' dir='ltr'><strong>noctem</strong></span> <span class='ocrx_word' id='word_1_207' title='bbox 268 3127 383 3192; x_wconf 83' lang='lat' dir='ltr'><strong>accipias</strong></span> <span class='ocrx_word' id='word_1_208' title='bbox 401 3125 435 3178; x_wconf 89' lang='lat' dir='ltr'><strong>de</strong></span> <span class='ocrx_word' id='word_1_209' title='bbox 453 3125 526 3175; x_wconf 92' lang='lat' dir='ltr'><strong>orbis</strong></span> <span class='ocrx_word' id='word_1_210' title='bbox 544 3126 655 3175; x_wconf 85' lang='lat' dir='ltr'><strong>Romani</strong></span> <span class='ocrx_word' id='word_1_211' title='bbox 673 3127 759 3176; x_wconf 87' lang='lat' dir='ltr'><strong>turbis</strong></span> <span class='ocrx_word' id='word_1_212' title='bbox 777 3133 858 3191; x_wconf 86' lang='lat' dir='ltr'><strong>etque</strong></span> <span class='ocrx_word' id='word_1_213' title='bbox 879 3118 1024 3176; x_wconf 79' lang='lat' dir='ltr'><strong>diicordiis</strong></span> <span class='ocrx_word' id='word_1_214' title='bbox 1043 3125 1106 3178; x_wconf 81' lang='lat' dir='ltr'><strong>inde&#39;</strong></span> 
     </span>
     <span class='ocr_line' id='line_1_30' title="bbox 104 3191 1106 3260; baseline -0.002 -14"><span class='ocrx_word' id='word_1_215' title='bbox 104 3195 136 3248; x_wconf 84' lang='lat' dir='ltr'><strong>ab</strong></span> <span class='ocrx_word' id='word_1_216' title='bbox 155 3196 247 3246; x_wconf 88' lang='lat' dir='ltr'><strong>occiso</strong></span> <span class='ocrx_word' id='word_1_217' title='bbox 267 3192 382 3244; x_wconf 84' lang='lat' dir='ltr'><strong>Caesare</strong></span> <span class='ocrx_word' id='word_1_218' title='bbox 400 3208 483 3259; x_wconf 89' lang='lat' dir='ltr'><strong>usque</strong></span> <span class='ocrx_word' id='word_1_219' title='bbox 502 3191 536 3241; x_wconf 89' lang='lat' dir='ltr'><strong>ad</strong></span> <span class='ocrx_word' id='word_1_220' title='bbox 555 3193 683 3243; x_wconf 86' lang='lat' dir='ltr'><strong>exstincta</strong></span> <span class='ocrx_word' id='word_1_221' title='bbox 704 3193 778 3244; x_wconf 85' lang='lat' dir='ltr'><strong>bella</strong></span> <span class='ocrx_word' id='word_1_222' title='bbox 808 3193 912 3258; x_wconf 66' lang='lat' dir='ltr'><strong>civitio,</strong></span> <span class='ocrx_word' id='word_1_223' title='bbox 944 3193 1019 3260; x_wconf 85' lang='lat' dir='ltr'><strong>quod</strong></span> <span class='ocrx_word' id='word_1_224' title='bbox 1047 3201 1106 3244; x_wconf 82' lang='lat' dir='ltr'><strong>erat</strong></span> 
     </span>
     <span class='ocr_line' id='line_1_31' title="bbox 104 3257 1107 3327; baseline 0 -15"><span class='ocrx_word' id='word_1_225' title='bbox 104 3279 165 3314; x_wconf 85' lang='lat' dir='ltr'><strong>vere</strong></span> <span class='ocrx_word' id='word_1_226' title='bbox 183 3263 311 3311; x_wconf 87' lang='lat' dir='ltr'><strong>miserum</strong></span> <span class='ocrx_word' id='word_1_227' title='bbox 330 3268 450 3327; x_wconf 89' lang='lat' dir='ltr'><strong>tempus,</strong></span> <span class='ocrx_word' id='word_1_228' title='bbox 474 3257 556 3309; x_wconf 87' lang='lat' dir='ltr'><strong>sacile</strong></span> <span class='ocrx_word' id='word_1_229' title='bbox 582 3267 621 3310; x_wconf 89' lang='lat' dir='ltr'><strong>est</strong></span> <span class='ocrx_word' id='word_1_230' title='bbox 637 3259 672 3310; x_wconf 87' lang='lat' dir='ltr'><strong>ad</strong></span> <span class='ocrx_word' id='word_1_231' title='bbox 690 3261 909 3325; x_wconf 81' lang='lat' dir='ltr'><strong>intelligendum,</strong></span> <span class='ocrx_word' id='word_1_232' title='bbox 941 3276 996 3310; x_wconf 89' lang='lat' dir='ltr'><strong>non</strong></span> <span class='ocrx_word' id='word_1_233' title='bbox 1024 3275 1107 3312; x_wconf 85' lang='lat' dir='ltr'><strong>unum</strong></span> 
     </span>
    </p>
   </div>
   <div class='ocr_carea' id='block_1_9' title="bbox 28 3325 1106 3396">
    <p class='ocr_par' dir='ltr' id='par_1_11' title="bbox 28 3325 1106 3396">
     <span class='ocr_line' id='line_1_32' title="bbox 28 3325 1106 3396; baseline -0.005 -15"><span class='ocrx_word' id='word_1_234' title='bbox 28 3370 30 3376; x_wconf 94' lang='lat'><em>.</em></span> <span class='ocrx_word' id='word_1_235' title='bbox 105 3331 251 3382; x_wconf 85' lang='lat' dir='ltr'><strong>alteramve</strong></span> <span class='ocrx_word' id='word_1_236' title='bbox 272 3337 298 3379; x_wconf 86' lang='lat' dir='ltr'><strong>et</strong></span> <span class='ocrx_word' id='word_1_237' title='bbox 319 3341 432 3396; x_wconf 83' lang='lat' dir='ltr'><strong>paucos,</strong></span> <span class='ocrx_word' id='word_1_238' title='bbox 450 3325 497 3376; x_wconf 92' lang='lat' dir='ltr'><strong>sed</strong></span> <span class='ocrx_word' id='word_1_239' title='bbox 517 3342 602 3393; x_wconf 86' lang='lat' dir='ltr'><strong>paene</strong></span> <span class='ocrx_word' id='word_1_240' title='bbox 624 3327 815 3378; x_wconf 87' lang='lat' dir='ltr'><strong>inumerabiles</strong></span> <span class='ocrx_word' id='word_1_241' title='bbox 832 3329 868 3378; x_wconf 86' lang='lat' dir='ltr'><strong>itu</strong></span> <span class='ocrx_word' id='word_1_242' title='bbox 888 3343 949 3379; x_wconf 86' lang='lat' dir='ltr'><strong>cnm</strong></span> <span class='ocrx_word' id='word_1_243' title='bbox 968 3329 1106 3378; x_wconf 83' lang='lat' dir='ltr'><strong>calamitu-</strong></span> 
     </span>
    </p>
   </div>
   <div class='ocr_carea' id='block_1_10' title="bbox 105 3393 1106 3467">
    <p class='ocr_par' dir='ltr' id='par_1_12' title="bbox 105 3393 1106 3467">
     <span class='ocr_line' id='line_1_33' title="bbox 105 3393 1106 3467; baseline -0.004 -19"><span class='ocrx_word' id='word_1_244' title='bbox 105 3397 176 3448; x_wconf 86' lang='lat' dir='ltr'><strong>tibns</strong></span> <span class='ocrx_word' id='word_1_245' title='bbox 195 3412 251 3448; x_wconf 86' lang='lat' dir='ltr'><strong>esse</strong></span> <span class='ocrx_word' id='word_1_246' title='bbox 271 3395 454 3455; x_wconf 82' lang='lat' dir='ltr'><strong>conflictatos,</strong></span> <span class='ocrx_word' id='word_1_247' title='bbox 472 3398 520 3458; x_wconf 90' lang='lat' dir='ltr'><strong>ut,</strong></span> <span class='ocrx_word' id='word_1_248' title='bbox 546 3394 616 3444; x_wconf 86' lang='lat' dir='ltr'><strong>ultra</strong></span> <span class='ocrx_word' id='word_1_249' title='bbox 634 3393 699 3467; x_wconf 81' lang='lat' dir='ltr'><strong>quid</strong></span> <span class='ocrx_word' id='word_1_250' title='bbox 722 3395 753 3446; x_wconf 87' lang='lat' dir='ltr'><strong>iis</strong></span> <span class='ocrx_word' id='word_1_251' title='bbox 778 3394 904 3448; x_wconf 83' lang='lat' dir='ltr'><strong>occidere</strong></span> <span class='ocrx_word' id='word_1_252' title='bbox 922 3402 1033 3462; x_wconf 87' lang='lat' dir='ltr'><strong>posset,</strong></span> <span class='ocrx_word' id='word_1_253' title='bbox 1050 3410 1106 3444; x_wconf 87' lang='lat' dir='ltr'><strong>uon</strong></span> 
     </span>
    </p>
   </div>
   <div class='ocr_carea' id='block_1_11' title="bbox 875 3486 904 3545">
    <p class='ocr_par' dir='ltr' id='par_1_13' title="bbox 875 3486 904 3545">
     <span class='ocr_line' id='line_1_34' title="bbox 875 3486 904 3545; baseline 0 0"><span class='ocrx_word' id='word_1_254' title='bbox 875 3486 904 3545; x_wconf 82' lang='lat' dir='ltr'>B</span> 
     </span>
    </p>
   </div>
   <div class='ocr_carea' id='block_1_12' title="bbox 0 0 1332 3860">
    <p class='ocr_par' dir='ltr' id='par_1_14' title="bbox 0 0 1332 3860">
     <span class='ocr_line' id='line_1_35' title="bbox 0 0 1332 3860; baseline 0 0"><span class='ocrx_word' id='word_1_255' title='bbox 0 0 1332 3860; x_wconf 95' lang='lat' dir='ltr'><strong> </strong></span> 
     </span>
    </p>
   </div>
  </div>
 </body>
</html>
