2636 3860
334 413 355 425 ,Ν
372 349 545 410 ευΡΡι.,,ῐΝ
562 349 595 415 Q.
614 345 771 398 cutmen
788 347 817 399 c.
835 347 856 398 r.
1092 358 1125 418 tt

130 489 355 550 Anaximenem
377 498 467 550 extra
486 483 611 546 moenia
630 481 861 564 prodeuntem.
891 504 951 548 nec
969 487 1127 570 dubitans,

131 569 208 652 quin
227 589 288 650 pro
314 569 417 650 patria
432 565 639 647 deprecatum
660 562 807 639 venisset,
828 563 1023 644 Graecorum
1039 572 1127 634 Deos

131 661 263 710 testatus
293 661 359 724 est,
390 668 453 708 non
482 647 643 708 facturum
667 662 718 719 se,
751 644 840 726 quod
867 645 1009 725 petisset.
1052 653 1128 741 Quo

132 729 240 790 audito
270 729 399 790 callidus
426 727 481 786 ille
506 723 650 805 rogavit,
677 736 714 783 ut
734 726 940 806 Lampsaeum
971 727 1127 798 dirueret.

131 810 200 885 Ille,
222 821 255 870 et
276 807 476 868 iurisiurandi
489 804 644 886 religione
660 803 839 877 adstrictus,
860 817 893 864 et
913 809 1010 888 magis
1036 811 1130 874 etiam

157 889 352 969 raeceptoris
375 887 448 948 olim
472 888 521 946 sui
543 883 712 967 sagacitate
733 883 899 963 delinitus,
921 889 1052 967 gratiam
1074 891 1130 953 de·

132 911 283 1030 lictorum
310 967 530 1048 Lampsacenis
559 965 645 1025 l'ecit.
687 965 885 1041 Comoedos,
923 978 959 1028 ut
984 969 1128 1033 instituto

134 1070 192 1112 suo
227 1070 339 1130 parum
374 1046 580 1127 congruentia
613 1054 785 1105 tractantes
821 1049 1130 1134 corrumpendisque

133 1128 276 1191 moribus
297 1140 397 1206 natos,
417 1127 592 1188 contemsit.
631 1125 779 1206 Neglexit
802 1136 834 1186 et
854 1128 995 1211 pugiles,
1023 1152 1133 1212 quam.

136 1231 228 1294 quam
259 1208 386 1269 maximi
421 1219 490 1270 tum
521 1209 553 1268 in
587 1207 719 1269 Graecia
753 1204 886 1274 fierent:
919 1208 1005 1270 forte
1033 1212 1132 1292 quod,

138 1289 260 1352 otiosos
283 1301 316 1350 et
342 1289 467 1371 saginae
496 1289 640 1350 addictos
673 1285 777 1347 valida
800 1289 941 1352 membr-a
969 1303 1134 1372 spectacu-

136 1371 242 1431 lorum
271 1369 377 1450 potius
408 1367 570 1442 ludibriis,
607 1388 700 1450 quam
727 1367 848 1446 patriae
875 1371 1134 1448 necessitatibus,

136 1451 351 1523 commodare,
375 1468 438 1508 non
450 1447 614 1528 probabat.
654 1446 804 1528 Reliquas
827 1461 921 1526 artes,
943 1450 1036 1510 etiam
1058 1472 1135 1534 quas

136 1530 205 1613 ipse
227 1551 289 1591 non
310 1528 475 1608 attigerat,
505 1527 647 1608 impense
671 1526 763 1588 fovit.
803 1528 893 1590 Unde
915 1548 955 1589 ex
973 1541 1043 1592 toto
1064 1535 1135 1594 l'ere

43 1644 46 1658 ι
139 1611 218 1672 orbe
246 1609 361 1690 passim
386 1608 425 1667 ad
446 1609 549 1689 ipsum
566 1606 783 1680 confluebant,
820 1609 1000 1694 quicunque
1023 1611 1137 1694 insigni

139 1693 244 1773 aliqua
270 1687 384 1770 peritia
406 1689 605 1769 praecellere
637 1689 698 1748 sibi
718 1687 926 1752 videbantur:
962 1691 1056 1784 eique
1084 1691 1137 1754 vel

137 1769 255 1852 ingenii
276 1769 324 1828 sui
345 1785 547 1831 monumenta
570 1767 774 1845 dedicabant,
800 1769 872 1846 vel,
903 1767 1041 1833 exhibito
1060 1773 1137 1834 artis

139 1871 215 1913 suae
245 1870 258 1909 s
284 1848 435 1925 ecimine,
471 1871 487 1908 a
517 1847 806 1912 munificentissimo
827 1871 863 1910 re
888 1871 958 1927 um,
989 1863 1022 1912 et
1049 1853 1137 1914 cuius

139 1925 241 1994 animo
260 1870 390 1992 i'ortuna
411 1929 639 2010 responderet,
660 1931 826 1990 immensas
846 1870 1037 2015 plerumque
1059 1933 1139 1996 divi-

139 2014 197 2074 tias
218 2011 504 2150 consequebantur.
544 2011 649 2070 Etiam
669 2031 749 2094 quos
770 2010 885 2090 procul
905 2013 1026 2092 positos
1045 2034 1139 2096 prae·

141 2094 226 2154 clara
260 2113 318 2152 cru
341 2091 398 2153 itio
433 2102 487 2151 aut
512 2089 613 2151 virtus
644 2089 897 2164 commendabat,
934 2092 971 2152 iis
992 2093 1140 2175 'ingentia

140 2193 271 2234 munera
302 2173 389 2233 ultro
419 2169 533 2252 largiri
564 2183 788 2232 consueverat.
833 2171 934 2253 Igitur
959 2185 1063 2234 tantus
1102 2194 1141 2233 ea

140 2263 330 2334 tempestate
358 2252 527 2317 doctorum
558 2263 653 2335 atque
683 2250 858 2312 sollertium
886 2251 1048 2314 hominum
1068 2273 1142 2333 pro·

141 2345 256 2396 ventus
276 2331 358 2406 luit,
387 2343 423 2392 ut
442 2330 496 2391 vix
520 2332 585 2409 ulla
614 2343 698 2392 aetas
723 2331 814 2392 bonis
838 2331 956 2392 artibus
980 2332 1142 2412 eopiosior

144 2411 309 2475 exstiterit.
350 2410 461 2474 Solent
486 2411 568 2470 enim
595 2411 719 2490 ingenia
738 2431 909 2492 moresque
934 2411 1081 2492 componi
1102 2408 1141 2469 ad

141 2491 322 2576 principum
342 2500 499 2563 mentem3
530 2489 694 2570 omnisque
716 2488 788 2548 fere
806 2503 989 2570 temporum
1014 2490 1142 2552 inclina,

143 2573 189 2634 tio
210 2591 247 2629 re
270 2569 408 2629 nantium
428 2563 555 2626 infamia
575 2568 628 2629 vel
648 2568 744 2628 decus
765 2581 824 2635 est.

222 2650 236 2706 I
269 2693 278 2712 ,
312 2650 362 2706 Er
390 2656 533 2708 veterum
561 2647 770 2708 monumentis
801 2649 877 2710 nihil
909 2651 1090 2712 antehahuit
1114 2651 1142 2733 ¹)

144 2731 307 2804 Homero,
329 2745 426 2810 quem
445 2746 543 2788 unum
563 2747 688 2790 omnem
709 2729 908 2810 sapientiam,
929 2753 990 2815 qua
1011 2732 1144 2814 imperia

147 2819 300 2881 constant,
324 2829 343 2868 o
368 2805 442 2866 time
469 2802 669 2890 complexum
690 2828 758 2870 esse
781 2807 975 2873 autumabat:
997 2815 1142 2896 adeoque

146 2909 221 2958 eum
243 2887 333 2950 cordi
380 2885 481 2964 abuit,
502 2902 538 2952 ut
558 2890 682 2950 Graeco
704 2905 914 2971 cognomento
935 2905 1057 2954 amator
1075 2895 1144 2956 Ho-

146 2968 229 3032 meri
249 2968 421 3033 diceretur.
462 2968 578 3032 Libros
611 2969 677 3030 eius
708 2990 836 3054 semper
856 2993 964 3034 seeum
984 2973 1072 3035 ferre
1093 2993 1145 3038 so·

151 3134 350 3151 m

114 3243 116 3248 ’
148 3251 233 3302 magg.
253 3237 431 3304 Diog.Laert.
453 3240 480 3290 in
504 3243 610 3293 Xenoe.
634 3234 770 3288 Plutarch.
791 3235 849 3286 adv.
870 3233 1002 3290 Colone.
1020 3240 1054 3291 50
1072 3240 1145 3292 etin
1199 3290 1202 3297 ,

149 3304 287 3357 Phocione
304 3323 327 3357 c.
349 3319 396 3359 ¹20
408 3317 434 3359 et
452 3308 486 3359 de
503 3311 566 3361 sort.
583 3308 657 3358 Alex:
676 3303 753 3370 1,-14.
769 3313 795 3354 et
812 3321 838 3367 a,
856 3321 865 3354 ι
885 3311 910 3352 et
923 3301 948 3366 4.

220 3372 245 3440 ι)
263 3375 313 3424 Dio
331 3373 426 3444 Chrys.
447 3385 505 3428 tota
522 3386 588 3429 orat.
616 3391 640 3425 a.
667 3375 738 3424 Plut.
763 3389 786 3422 c.
811 3374 850 3427 13.
880 3379 906 3420 et
931 3375 965 3427 de
982 3376 1043 3427 sort.
1069 3377 1144 3432 Alex.

155 3457 178 3508 t,
197 3440 222 3505 4.
240 3442 355 3496 vehite:
367 3461 409 3512 pr.
428 3447 519 3500 Probi.
536 3447 632 3498 Cicero
651 3455 701 3513 pro
721 3439 818 3492 Archia
838 3457 861 3492 e·
884 3451 921 3489 ιο.

187 3523 305 3576 Curtius.
511 3595 514 3602 Ι
930 3530 950 3591 2
