2660 3864
398 303 511 356 sures.
532 297 574 358 tn.
589 303 623 372 o.
642 302 799 358 cunrnnt
813 304 843 358 t.
856 304 899 356 ·11.
982 325 987 334 ·
1077 288 1151 366 'tos

144 452 278 514 senariis
310 453 460 514 nonnulla
486 453 717 516 contumeliose
747 467 780 516 et
807 453 998 536 petulanter»
1015 453 1048 514 in
1074 452 1150 514 Ale-

142 533 297 594 xandrum
317 532 484 594 iacientem
506 533 662 610 audisset,
690 554 845 597 conversa
869 533 958 594 hasta
989 532 1150 600 bominem

142 613 281 692 pulsans,
302 631 365 672 non
378 624 419 678 ,te
442 613 594 689 conduxi,
623 613 745 696 inquit,
772 625 808 674 ut
837 612 1046 674 malediceres
1074 613 1150 673 Ale-

143 692 275 768 xandro,
297 692 354 754 scd
375 705 412 752 ut
431 694 583 754 adversus
601 693 689 754 illum
713 694 888 754 dimicares.

223 773 262 836 X.
287 773 409 833 Interea
420 773 448 852 ¹)
466 773 596 847 obsessi,
617 794 741 835 summo
764 773 882 850 studio,
896 771 1061 833 securitati
1074 784 1151 835 suae

144 851 366 934 providentes,
387 873 448 932 pro
472 853 579 913 diruto
600 873 693 915 muro
716 852 810 913 alium
825 852 1014 914 interiorem
1036 873 1076 912 cx
1097 874 1151 915 co·

145 943 197 993 cto
219 933 321 992 latere
343 932 541 1008 eduxerunt,
569 953 632 993 non
660 947 749 994 recta
773 933 924 1016 regione,
952 931 1010 992 sed
1030 931 1063 992 in
1083 953 1151 993 nas·
1187 975 1191 984 -

145 1011 246 1073 centis
275 1011 369 1078 lunae
396 1013 531 1095 liguram
552 1012 723 1078 sinuatum:
751 1033 852 1096 eaque
874 1033 945 1088 res,
973 1031 1046 1072 cum
1066 1013 1151 1074 inter

143 1092 261 1152 multos
288 1092 494 1154 distributum
522 1113 635 1153 inunus
667 1107 770 1170 esset,
808 1092 977 1158 celerrime
1003 1091 1151 1154 confecta

146 1183 204 1232 est.
247 1174 342 1234 Hunc
363 1195 490 1234 murum
504 1172 700 1240 ‚Alexander
726 1185 860 1254 postero
887 1173 991 1234 statim
1011 1169 1063 1232 die
1087 1193 1152 1233 ma·

146 1250 243 1312 chinis
272 1273 422 1334 quassare
451 1252 576 1331 coepit,
611 1275 676 1335 quo
705 1254 828 1314 minore
864 1252 996 1333 negotio
1035 1272 1152 1314 recens

144 1330 247 1392 adbuc
268 1353 348 1412 opus
369 1331 589 1394 labefactaret.
632 1334 667 1392 In
696 1351 736 1394 ec
761 1331 874 1392 labore
904 1351 982 1391 occu
1009 1332 1065 1392 atis
1085 1332 1152 1392 Ma-

145 1409 336 1488 cedonibus,
365 1412 482 1471 iterum
510 1431 550 1470 ex
578 1410 658 1481 urbe
687 1412 792 1473 valida
817 1411 944 1492 eruptio
977 1352 1063 1472 iacta
1085 1424 1150 1480 cst:

145 1489 353 1572 cratiumque,
370 1491 484 1574 quibus
501 1509 600 1571 opera
619 1490 821 1572 tegebantur,
840 1489 992 1566 nonnihil,
1013 1489 1150 1550 etunius

144 1570 241 1630 turris
269 1571 393 1652 ligneae
428 1581 553 1650 partem
589 1567 714 1630 flamma
744 1569 994 1709 comprehendit.
1035 1571 1083 1629 Ne
1112 1569 1152 1629 ad

147 1662 254 1710 cetera
267 1669 376 1730 opera
396 1650 547 1710 transiret
566 1649 766 1726 incendium,
794 1652 820 1713 P
844 1651 935 1711 ilotas
957 1661 990 1712 et
1010 1649 1152 1708 Hellani-

146 1749 202 1792 cus
230 1728 260 1868 Ἦ
290 1729 497 1804 obstiterunt,
522 1728 640 1812 quibus
667 1729 699 1788 in
727 1749 797 1792 eam
825 1729 909 1788 diem
937 1727 1152 1791 machinarum

144 1819 236 1870 custo
261 1809 290 1868 ia
315 1819 475 1868 cesseratz
512 1819 545 1870 et
580 1808 781 1885 Alexander,
801 1820 925 1868 mature
948 1818 1152 1889 conspectus,

144 1900 265 1948 tantum
285 1888 505 1970 trepidationis
527 1887 635 1956 iniecit
655 1887 794 1948 hostium
814 1889 943 1963 animis,
970 1899 1007 1948 ut
1028 1886 1152 1948 omissis

144 1967 279 2044 facibus,
302 1969 416 2051 quibus
437 1968 547 2030 armati
568 1980 814 2049 procurrerent,
838 1967 966 2051 quidam
988 1967 1081 2030 ctiam
1103 1987 1152 2026 ar-

144 2071 194 2110 ma
219 2048 389 2125 iacientes,
419 2048 522 2110 effusa
553 2047 632 2130 fuga
661 2047 815 2142 oppidum
834 2057 1031 2130 repeterent.
1074 2046 1151 2108 Inde

145 2129 209 2189 vim
229 2127 324 2190 facile
343 2129 581 2222 propellebant,
596 2127 694 2192 adiutr
714 2127 939 2190 commoditate
958 2128 1033 2200 loci,
1055 2147 1153 2209 quem
1211 2135 1217 2146 ¹

138 2208 247 2288 ,inulto
269 2228 456 2291 aequrorem
479 2202 685 2290 obtinebant,
710 2221 743 2270 et
765 2209 846 2292 quia¹
860 2223 982 2283 murus,
1004 2207 1086 2268 sicut
1106 2206 1152 2266 di·

144 2289 264 2364 ximus,
293 2287 336 2348 ita
363 2301 564 2351 constructus
589 2299 677 2363 erat,
709 2299 755 2364 ut,
784 2306 1006 2369 quamcunque
1027 2297 1152 2365 partem

145 2368 309 2430 invasisset
329 2366 442 2440 hostis,
463 2387 526 2426 non
549 2387 566 2424 a
587 2365 695 2426 fronte
717 2377 850 2440 tantum,
872 2365 930 2426 sed
951 2385 990 2424 cx
1013 2376 1151 2446 utroque

145 2447 293 2524 laterum,
316 2445 485 2506 missilibus
507 2445 616 2524 appeti
638 2457 758 2524 posset.
781 2447 860 2502 Post
880 2444 959 2504 haec
980 2445 1153 2504 Persarum

146 2525 255 2602 duces,
280 2545 352 2584 cum
375 2523 479 2584 omnia
506 2523 567 2583 sibi
593 2523 625 2582 in
647 2523 714 2583 dies
736 2523 873 2584 arctiora
901 2543 970 2583 esse
992 2523 1153 2599 viderent,

146 2615 374 2684 constaretque
395 2625 458 2664 non
484 2603 705 2663 abscessurum
726 2601 950 2678 Macedonem,
977 2601 1080 2663 donec
1100 2623 1152 2661 ur·

146 2684 194 2744 bis
221 2681 396 2764 potiretur,
425 2683 465 2744 dc
493 2703 614 2742 summa
645 2701 755 2742 rerum
784 2681 951 2742 consilinm
983 2681 1152 2748 habebant,

145 2763 195 2824 lbi
213 2761 378 2844 Ephialtes
401 2762 444 2842 3),
467 2763 516 2822 vir
537 2762 629 2823 aninti
651 2761 796 2842 corporis
821 2781 861 2820 ue
882 2760 1001 2836 robore
1022 2763 1055 2823 in
1075 2781 1153 2842 pau,-

147 2843 192 2906 cis
214 2842 415 2922 conspicuus,
436 2843 637 2904 incommoda
656 2841 772 2923 longae
794 2861 812 2902 o
838 2839 966 2903 sidionis
987 2841 1152 2901 disseruit:

146 2923 347 3006 negabatque
369 2921 633 3008 exspectandum,
661 2919 762 2984 dorrec
792 2919 955 3001 paullatim
977 2919 1086 2982 accisis
1110 2919 1153 2980 vi·

145 3111 313 3127 “nnn—-

158 3287 161 3295 ,
218 3239 243 3304 1)
266 3239 368 3288 Arriae.
388 3255 408 3302 t,
429 3254 454 3305 7,
474 3235 514 3306 14.

216 3307 243 3370 2)
264 3306 333 3356 idem
352 3306 389 3356 ib.

219 3373 245 3444 3)
264 3372 377 3425 Diodes.
400 3391 439 3442 17,
459 3375 503 3426 ab.
