2660 3864
191 327 226 385 ot
493 381 497 394 ,
567 324 589 375 1.
608 321 825 385 retruserant

194 467 393 556 voluptatem
422 469 533 534 insutis
556 471 645 553 vulgi
665 470 748 532 inani
769 471 981 533 ostentatione
1002 490 1205 541 consumere.

194 556 318 618 Interea
340 551 455 620 milites
463 593 477 626 ,.
501 552 574 634 quia
597 553 628 614 vi
649 551 812 612 introitum
842 563 919 626 erat,
941 550 1034 614 obvia
1056 575 1206 638 quaeque

195 633 392 716 diripientes,
414 631 453 692 ad
480 631 593 702 fanum
621 631 748 694 Cereris
781 629 828 708 22)
857 645 1087 712 pervenerant:
1116 635 1208 716 qnod
1261 645 1266 652 '

200 735 273 777 cum
294 734 348 776 ers
374 711 503 774 oliaturi
524 711 653 795 qnidam
675 710 877 793 irrupissent,
897 712 977 792 ignis
999 731 1039 772 ex
1059 716 1207 793 penetra·

193 795 280 858 libus
308 734 396 854 aedis
423 804 558 874 repente
586 791 723 861 emicans
754 792 984 873 sacrilegorum
1012 793 1123 854 oculos
1151 815 1208 854 ex-

195 873 313 938 stinxit.
355 871 417 932 Hic
445 872 540 932 etiarn
569 871 815 965 progenitorum
844 891 975 932 suorum
1004 885 1208 934 monumenta

195 953 379 1018 Alexander
398 952 541 1046 reperit,
566 963 714 1032 inspecto
737 950 851 1028 fonte,
874 951 964 1012 cuius
986 973 1067 1034 aqua
1098 949 1145 1030 23)
1167 975 1209 1016 ex

112 1049 114 1061 ¹
170 1037 266 1118 flpso
295 1031 494 1112 scaturiginis
523 1030 614 1092 labro
641 1031 755 1091 hausta
782 1031 898 1092 salsum
924 1051 1071 1111 saporem
1100 1031 1209 1108 habet,

197 1114 309 1178 eadem
323 1111 524 1182 dulcissima,
548 1131 621 1172 cum
639 1108 793 1193 prolluxit
813 1110 844 1170 in
868 1109 1002 1172 rivulos.
1026 1110 1209 1174 Achilleum

195 1193 313 1259 Milesii
330 1190 497 1264 ¹attaminant
524 1191 621 1274 inque
650 1211 689 1252 eo
723 1189 892 1252 lustratum
928 1189 1062 1252 heroem
1095 1213 1209 1254 rumor

196 1273 311 1349 tenuit,
332 1292 404 1333 eum
425 1268 640 1336 Strambelum
662 1270 842 1334 Telamonis
859 1267 958 1330 filium
978 1271 1101 1332 Lesbiis
1124 1273 1209 1334 auxi·

198 1355 276 1419 lium
296 1352 455 1414 ferentem
476 1351 701 1432 oppressisset.
746 1351 843 1444 Apud
870 1349 1010 1412 Milesios
1035 1349 1082 1430 ²⁴)
1110 1352 1208 1433 Didy-

198 1435 264 1498 mei
283 1432 440 1514 Apollinis
462 1432 629 1494 0raeulum
650 1442 730 1508 erat,
753 1429 869 1494 divitiis
890 1429 1040 1512 famaque
1066 1431 1208 1499 celebre.

197 1515 234 1576 ld
256 1527 324 1575 tum
337 1511 504 1582 Seleucus,
528 1511 617 1572 cuius
639 1511 792 1572 maximae
831 1523 882 1572 ost
897 1510 1113 1572 Alexandrum
1128 1532 1209 1593 opes

199 1595 307 1668 fuere,
328 1592 368 1652 de
393 1589 501 1652 reditu
516 1590 547 1652 in
567 1590 787 1652 Macedoniam
820 1589 848 1670 ⁵)
866 1590 1063 1654 consuluisse
1081 1591 1210 1669 dicitnr,

200 1687 234 1734 et
254 1691 444 1752 responsum
458 1691 534 1732 acce
558 1670 631 1748 isse,
652 1683 698 1746 ut,
717 1672 848 1752 Europa
863 1670 974 1733 valere
991 1671 1085 1749 iussa,
1102 1672 1210 1732 Asiam

201 1753 482 1833 complecteretur.
512 1693 610 1811 Aliud
624 1749 759 1812 subinde
772 1751 959 1812 miraculum
981 1765 1134 1814 attentum
1154 1751 1210 1812 ha·

201 1834 272 1898 buit
295 1851 424 1913 regem,
452 1830 541 1892 cuius
570 1832 732 1892 curiosum
752 1831 913 1912 ingenium
938 1843 972 1891 et
995 1831 1211 1914 cognoscendi

204 1913 342 1977 avidum·
359 1909 502 1974 novitate
533 1931 643 1974 rerum
664 1911 744 1972 mire
767 1910 979 1975 alliciebatur.
1023 1915 1172 1974 Amatum
1193 1934 1212 1972 a

204 1991 356 2072 delphine
380 2009 519 2081 puerum
540 2011 580 2050 ex
600 1991 705 2066 lasso,
729 1991 818 2072 quod
847 1991 933 2050 haud
961 1992 1077 2073 procul
1099 1991 1210 2054 Mileto
1303 1994 1305 2003 ’

203 2075 236 2136 in
255 2069 358 2132 insula
372 2079 467 2129 srtum
479 2069 634 2151 oppidum
651 2082 708 2143 est,
730 2083 918 2152 acceperat3
941 2073 1007 2132 eius
1032 2093 1072 2133 ue
1096 2090 1212 2134 vocem

206 2150 373 2234 agnovisse
395 2149 528 2240 piscem,
551 2161 585 2210 et
627 2149 731 2210 uoties
753 2163 963 2227 evocaretur,
985 2173 1024 2213 ve
1049 2153 1059 2212 i
1081 2151 1211 2230 cupien-

204 2246 271 2296 tem
293 2227 458 2311 excepisse
479 2230 587 2296 dorso.
605 2172 712 2312 lgitur
733 2243 858 2310 gratum
880 2246 1113 2315 acceptumque
1127 2233 1211 2310 Nep·

205 2327 285 2376 tuno
306 2309 468 2372 hominem
488 2311 715 2390 interpretatus
736 2331 815 2388 rex,
843 2313 1025 2375 sacerdotio
1055 2314 1122 2374 eius
1149 2313 1212 2374 Dei

209 2395 299 2456 illum
319 2389 489 2471 praefecit.

287 2473 370 2536 VIII.
395 2469 562 2554 Occupata
582 2471 666 2533 hunc
691 2473 723 2549 in
757 2472 886 2533 modum
915 2474 1045 2552 Mileto,
1080 2494 1153 2535 cum
1183 2474 1210 2556 ¹)

208 2551 311 2614 adbuc
331 2550 540 2612 barbarorum
561 2571 730 2614 numerosa
752 2552 858 2612 classis
880 2553 911 2612 in
931 2556 1011 2615 mari
1029 2566 1211 2638 vagaretur,

208 2643 242 2694 ot
263 2630 378 2690 fiducia
402 2631 609 2696 multitudinis
625 2653 711 2708 suae,
734 2631 887 2715 quodque
907 2635 1022 2716 peritia
1042 2638 1091 2696 rei
1111 2639 1212 2698 nauti·

210 2731 266 2775 cae
293 2709 480 2772 Macedonas
509 2713 660 2786 anteiret,
685 2711 810 2772 hostem
835 2714 873 2772 ad
912 2716 1024 2776 navale
1052 2719 1212 2798 proelium

208 2800 414 2873 provocaret,
435 2791 544 2874 obque
563 2791 667 2872 ipsum
687 2790 775 2852 urbis
796 2804 937 2873 portum,
956 2795 988 2856 in
1001 2817 1096 2879 quem
1115 2819 1211 2860 naves

211 2891 283 2934 suas
312 2867 488 2932 abduxerat
508 2891 576 2940 rex,
598 2868 789 2955 frequenter
809 2873 1038 2938 obversaretur
1045 2897 1055 2954 3
1076 2879 1212 2942 Alexan·

225 3035 413 3049 *nu-—

1197 3109 1206 3138 r
1217 3087 1220 3092 .

274 3147 313 3184 'aa
343 3133 441 3186 Strabo
457 3135 507 3191 lib.
526 3133 568 3202 td.
584 3137 677 3190 Valet.
694 3139 763 3191 Max.
781 3155 800 3204 1,
820 3157 839 3204 ι,
857 3141 881 3192 5.
900 3141 1019 3195 lactant.
1039 3149 1065 3209 2,
1085 3144 1110 3195 8.
1190 3159 1193 3162 ·

281 3204 313 3254 23
345 3201 496 3255 Athenaeus
514 3219 539 3269 a,
556 3210 582 3263 6.
1082 3224 1084 3228 '

257 3327 260 3332 Ι
281 3270 325 3338 ²4)
345 3271 503 3330 Parthenius
522 3278 550 3328 in
564 3276 863 3328 Eroticis.Freinsbem.
881 3278 907 3327 in
926 3279 1001 3330 Curt.
1021 3283 1046 3348 5,
1067 3297 1091 3348 7,
1113 3283 1153 3333 28.

281 3341 326 3408 ²5)
345 3340 459 3407 Appiani
478 3343 586 3412 Syriaca
601 3345 660 3394 sub.
677 3345 723 3394 fin.
742 3346 837 3395 Strabo
857 3347 904 3396 lib.
918 3345 953 3410 14.
961 3349 1061 3402 Plinius
1080 3367 1106 3416 9,
1126 3359 1151 3414 8,
1172 3365 1214 3406 ιο.

297 3407 319 3476 ι)
339 3407 440 3459 arrian.
462 3432 481 3480 ι,
499 3415 526 3480 6,
544 3416 587 3466 25.
1120 3462 1131 3474 .
