2660 3864
388 389 508 447 SUPPL.
526 391 564 444 IN
582 394 615 461 Q.
636 393 794 464 coustant
811 385 842 445 12.
864 393 899 444 ΙΙ.
1101 401 1149 452 111

137 543 302 687 propitius
334 539 470 603 numinis
498 537 595 603 favor
624 537 684 602 aiio
713 537 818 601 statim
852 537 1011 602 beneficio
1039 544 1151 624 patuit⁴

136 639 140 664 ²
171 639 240 684 arte
270 620 432 684 exereitus
460 618 500 681 ad
528 621 741 704 Pergensium
775 617 892 680 urbem
930 641 991 702 per
1025 636 1151 684 montes

139 702 327 787 praemisse,
349 713 478 762 ceteros
499 699 568 782 ipse
589 701 744 782 perlitus
767 697 915 776 ducebat,
938 711 1000 782 qua
1026 701 1073 782 ¹¹)
1088 703 1152 763 Cli-

140 803 214 846 max
227 801 318 844 mons
334 779 524 861 Pamphylio
545 781 625 841 mari
639 781 803 839 imminens
820 791 982 838 anoustam
1006 781 1151 846 euntibus

139 861 285 924 semitam
299 861 462 944 relinquit,
480 860 606 943 quoties
621 881 710 920 mare
722 827 928 940 tranquilium
944 872 1008 937 est3
1024 873 1065 930 at,
1079 882 1152 924 cum

141 942 248 1004 aestus
265 940 418 1017 incubuit,
432 938 582 1000 fluctibus
595 941 754 1022 operitur:
767 938 865 1021 idque
879 937 984 1000 hieme
998 940 1152 1026 frequens

140 1036 176 1083 et
200 1041 304 1103 prope
328 1031 523 1102 perpetuum
546 1032 605 1080 est.
646 1017 690 1079 At
718 1017 918 1095 Alexander,
946 1017 1150 1104 nitidaeque

142 1122 181 1162 ac
202 1122 325 1160 moram
346 1113 504 1177 metuens,
530 1100 707 1160 exercitum
730 1120 791 1180 per
815 1119 927 1182 aequa,
953 1119 1015 1180 per
1035 1101 1153 1186 iniqua,

73 1229 75 1236 .
141 1179 259 1242 ecdem
287 1179 406 1241 ardore
435 1191 532 1262 atque
564 1180 687 1260 impetu
721 1177 866 1259 rapiebat
903 1178 959 1257 12).
1002 1181 1152 1242 Continui

139 1281 203 1343 per
228 1281 284 1321 eos
307 1260 374 1333 dies
397 1261 495 1334 austri
516 1255 682 1332 flaverant,
706 1262 771 1340 qui,
791 1278 879 1317 mare
911 1259 944 1317 in
976 1259 1049 1320 litus
1076 1281 1153 1343 pro-

143 1339 321 1422 pellentes,
354 1339 458 1399 omnia
484 1337 605 1398 itineris
634 1337 769 1420 vestigia
799 1337 869 1396 altis
896 1337 1066 1418 paludibus
1096 1339 1153 1422 op*-

144 1421 252 1513 plent:
288 1418 429 1478 assiduae
458 1417 553 1478 etiam
580 1439 628 1477 ma
655 1437 778 1500 uaeque
807 1416 954 1498 pluviae,
986 1429 1022 1477 ut
1051 1423 1153 1481 ventis

135 1500 211 1560 'istis
232 1497 426 1579 spirantibus
448 1498 550 1566 solet,
580 1437 725 1561 rodimus.
766 1495 831 1556 Sed
859 1496 1048 1559 adventante
1077 1501 1154 1560 Ale-

140 1578 266 1640 xandro
296 1576 405 1636 subito
430 1588 562 1638 exortus
584 1578 690 1660 aquilo
718 1577 845 1637 eoelum
873 1579 1024 1660 purgavit
1044 1578 1154 1640 imbri·

141 1657 215 1735 hus,
239 1657 339 1717 undas
358 1655 473 1716 reiecit
492 1656 525 1716 in
546 1673 650 1734 mare,
680 1668 714 1716 et
734 1653 961 1731 Macedonibus
988 1660 1154 1720 transitum

146 1737 283 1819 aperuit.
318 1733 373 1795 Sic
394 1756 526 1820 quoque
548 1737 640 1796 unius
665 1734 710 1816 13)
727 1735 791 1796 diei
813 1735 927 1796 itinere
947 1757 1008 1818 per
1032 1739 1155 1799 incerta

142 1817 226 1880 vada
248 1818 478 1897 emet-gendum
499 1815 570 1892 suit,
591 1837 673 1899 aqua
692 1815 732 1876 ad
751 1814 1060 1878 umbilicum'i'erme
1081 1832 1197 1900 per-x

143 1897 301 1977 tingente.
349 1897 480 1956 Tantam
513 1895 546 1955 in
570 1895 723 1977 periculis
752 1895 926 1956 Alexandri
949 1895 1098 1958 fiduciam
1119 1909 1155 1958 ut

144 1975 186 2036 ab
208 1975 307 2056 ipsius
328 1975 454 2058 ingenio
474 1974 654 2058 profectam
685 1995 749 2036 non
772 1975 895 2053 dubito,
913 1976 956 2037 ita
977 1975 1155 2062 frequenti·

142 2055 204 2116 bus
224 2053 381 2138 prodigiis
396 2067 428 2116 et
446 2055 604 2118 ominibus
625 2067 748 2116 auctam
764 2053 1045 2140 confirmatamque
1056 2059 1155 2119 i'uisse

146 2134 352 2212 crediderim,
373 2147 542 2219 postquam
564 2137 697 2197 decreto
719 2137 854 2196 numinis
882 2137 1062 2199 clarissimis
1091 2161 1156 2199 ma-

143 2215 301 2298 ximisque.
329 2217 427 2276 rebus
461 2236 497 2278 se
526 2216 676 2277 destinari
708 2216 855 2278 coniecit.
900 2217 1014 2277 Adhuc
1041 2219 1073 2278 in
1107 2218 1152 2296 11)

144 2293 329 2356 Macedonia
349 2294 479 2378 degenti
500 2295 623 2375 species
638 2296 772 2354 humana
788 2295 952 2377 augustior
973 2298 1180 2377 apparuisse*

143 2373 273 2452 dicitur,
287 2394 430 2450 monens,
451 2386 487 2434 ut
508 2374 548 2432 ad
569 2375 778 2433 evertendum
799 2375 966 2454 imperium
988 2377 1157 2437 Persicum

145 2455 383 2536 quamprimum
405 2454 437 2511 in
458 2452 565 2512 Asiam
585 2465 794 2534 sequeretur:
817 2465 913 2534 atque
926 2455 957 2513 in
971 2457 1157 2517 memoriam

145 2533 293 2594 insomnii
313 2543 502 2593 revocatum
523 2551 594 2592 csse
614 2551 742 2614 regem,
774 2552 845 2592 cum
866 2534 899 2592 in
918 2535 1083 2597 Phoenice
1104 2555 1157 2596 res

146 2624 291 2694 gereret,
311 2610 409 2672 obvio
430 2611 622 2673 ludaeorum
644 2610 829 2686 sacerdote,
855 2613 887 2671 in
911 2636 975 2708 quo
997 2635 1158 2699 recogno·

145 2692 193 2754 vit
222 2701 385 2767 ornatum,
416 2712 515 2774 quem
539 2690 665 2774 pridem
701 2693 733 2750 in
768 2691 894 2753 obieeta
926 2695 1063 2781 imagine
1096 2717 1157 2778 per

144 2771 290 2856 quietem
311 2771 446 2837 viderat.
488 2773 566 2832 Nam
589 2772 635 2853 1ὅ)
661 2771 745 2832 inter
765 2771 962 2836 obsidionem
983 2775 1059 2856 'l'yri
1080 2776 1156 2868 rici·

143 2941 351 2966 ῧ--ῑ--Ἃ

217 3052 263 3118 rr)
280 3042 412 3102 Artemon
431 3054 458 3102 in
477 3051 594 3104 Senecae
613 3067 715 3102 suasor.
739 3069 761 3101 1.

146 3185 198 3237 sn
218 3119 259 3236 'A
277 3119 519 3242 {diffidi
536 3120 718 3240 iiiiiiaiii
735 3119 855 3238 ”itti
869 3119 1030 3238 Piidini‘
1057 3121 1109 3240 ii,5
1129 3129 1158 3226 i‘

146 3223 216 3304 cxii.
235 3204 371 3304 riitirc't.
389 3271 413 3306 c
432 3261 464 3320 27
479 3263 507 3306 et
524 3256 568 3313 28.
720 3221 727 3237 ι
816 3205 865 3256 Ρ·
952 3206 969 3255 q
1023 3223 1030 3238 ι
1100 3223 1157 3244 ’Μ

217 3323 246 3372 ¹3
279 3323 376 3372 Strabo
395 3323 441 3372 lib.
461 3329 502 3382 14.

217 3389 247 3454 sd
279 3389 407 3458 Iosephus
424 3408 456 3453 n,
465 3391 490 3441 8.
503 3389 643 3442 Schickar.
661 3391 688 3441 in
701 3391 843 3460 prooemio
854 3388 962 3450 Tarioh,
973 3403 1028 3459 reg.
1038 3388 1157 3445 endas.

217 3457 261 3526 15)
280 3459 399 3510 Zonaras
416 3461 495 3519 Tum.
519 3476 542 3514 ι.
559 3460 668 3514 Tacitus
687 3460 718 3512 H.
738 3461 764 3526 5,
782 3465 808 3526 2,
829 3467 855 3518 1.
