2636 3860
429 371 562 417 somma
586 369 779 424 nirnnsnsa.
993 352 1114 418 xxt'n

102 514 159 598 qui
191 517 270 574 eum
298 511 422 573 Claudii
442 515 646 594 Imperatoris
675 512 873 593 temporibus
899 513 1011 575 vixisse
1035 533 1111 576 oon·

98 615 252 692 tendunt,
274 635 413 698 quorum
435 633 549 695 agmen
566 615 655 676 duxit
678 617 781 674 lustus
801 614 928 696 Lipsius
950 615 989 677 ad
1010 619 1110 680 Taciti

97 720 233 785 Annali.
257 720 311 796 xl,
332 739 383 783 eo.
425 717 483 778 llle
513 716 595 778 enim
616 715 716 777 verba
743 716 910 797 scriptoris
936 717 1041 779 refert
1069 720 1108 781 ad

97 821 168 883 Caii
198 820 363 903 Caligulae
384 819 515 880 caedem
536 828 578 894 et,
600 837 681 902 quae
702 817 914 903 sequebatur,
942 821 1102 888 conlusio.

95 943 189 983 nem:
215 933 327 984 senatu
348 923 516 1006 imperium
539 921 733 1004 abrogante:
754 919 853 982 milite
875 933 907 981 et
927 922 1025 1004 plebe
1043 937 1105 987 sta·

95 1023 256 1102 biliente3
281 1025 359 1085 haec
388 1039 458 1082 esse
485 1019 541 1085 illa
564 1031 626 1084 sine
653 1029 753 1102 sapite
780 1021 943 1107 discordia
963 1027 1103 1099 membra,

95 1127 207 1209 ipsum
229 1149 309 1193 vero
332 1127 498 1188 Claudium
511 1145 615 1186 novum
633 1124 723 1184 sidus.
753 1123 854 1206 Lipsii
876 1124 1104 1208 coniecturam,

95 1228 304 1312 propositam
346 1225 565 1288 tantummodo
602 1247 708 1310 neque
749 1225 886 1290 firmiter
923 1231 1105 1311 probatam,

95 1344 237 1412 praeter
278 1332 458 1390 Brissonz'um
488 1328 524 1388 de
556 1350 644 1405 regno
679 1329 840 1388 Persarum
883 1329 1104 1397 confirmatum

95 1432 156 1494 ivit
179 1435 277 1498 Mssa.
302 1435 409 1494 Tellier
430 1431 477 1512 (in
498 1425 636 1492 'editione
665 1429 785 1504 Curtii,
816 1449 910 1512 quam
938 1433 1105 1500 adornavit

93 1534 129 1595 in
161 1555 258 1595 usum
274 1533 438 1616 ,Delphini
457 1531 558 1592 Paris'.
588 1529 690 1612 1678.)
714 1551 753 1594 ex
775 1533 910 1614 Josephi
932 1533 1104 1620 Antiquita-

96 1637 193 1697 ludd.
215 1635 301 1714 xlx,
322 1641 430 1704 2et3.
460 1638 561 1699 Caeso
584 1635 677 1713 enim,
698 1635 811 1719 inquit,
832 1635 985 1718 Caligula,
1006 1662 1104 1724 quum

98 1736 261 1810 abductus
284 1751 368 1800 esset
388 1759 406 1799 a
429 1736 580 1798 militibus
601 1736 633 1796 in
656 1749 760 1798 castra
781 1749 815 1798 et
834 1738 1023 1802 acclamatus
1044 1741 1101 1804 im·

72 1869 75 1873 ·
97 1854 238 1922 perator
259 1839 422 1919 Claudius,
443 1849 553 1916 totam,
575 1858 656 1924 quae
678 1851 789 1901 secuta
810 1850 869 1916 eat,
888 1851 1017 1902 noctem
1037 1855 1103 1906 tre·

73 1943 272 2033 ‘pidationis
298 1939 394 2028 atque
423 1941 560 2026 periculi
591 1943 718 2026 plenam
744 1941 926 2004 habuerunt
953 1945 1104 2028 Romani;

98 2042 176 2106 hinc
197 2047 315 2136 senatu,
328 2067 398 2108 rem
418 2046 478 2107 sibi
491 2046 653 2126 publicam
670 2043 819 2125 cupiente
832 2041 1007 2124 vindicare,
1028 2048 1103 2112 iude

98 2149 227 2231 populo
248 2170 366 2212 novum
383 2147 613 2229 imperatorem
638 2146 851 2228 deposcente,
877 2149 1021 2232 utrisque
1045 2154 1103 2214 mi·

95 2249 213 2322 litum,
247 2251 422 2333 praecipue
448 2250 696 2323 Germanorum,
722 2259 818 2332 atque
848 2247 973 2310 infimae
997 2251 1102 2332 plebis

99 2353 260 2436 remigum
288 2354 476 2415 seditionem
509 2351 738 2414 metuentibus:
775 2351 879 2414 donee
915 2362 986 2410 orta
1018 2354 1102 2434 luce,

99 2455 337 2539 necquidquam
359 2452 574 2537 obnitentibus
598 2451 740 2512 Chaerea
761 2469 833 2510 curn
853 2449 969 2510 Sabino
994 2473 1030 2514 ao
1052 2473 1102 2518 so·

101 2554 172 2628 ciis,
193 2575 256 2616 non
277 2555 392 2614 milites
414 2552 533 2626 solum,
561 2550 619 2610 sed
643 2549 739 2610 etism
766 2551 856 2609 alter'
875 2552 1040 2616 consulum
1064 2577 1101 2620 ae
1130 2555 1133 2564 “

101 2655 252 2740 plerique
281 2665 463 2717 senatorum
494 2650 534 2712 ad
562 2648 728 2712 Claudium
756 2649 789 2710 in
811 2659 913 2710 castra
941 2653 1102 2721 confluxe·

102 2767 189 2818 runt.
230 2760 276 2820 lta
298 2756 437 2820 omnium
462 2773 618 2817 consensu
645 2750 821 2832 imperator
840 2750 942 2813 factus
967 2757 1101 2824 aliorum

102 2859 266 2922 ambitioni
287 2859 406 2920 aditum
426 2857 617 2939 praeclusit,
639 2843 846 2937 magnamque
867 2855 990 2918 cladem
1010 2879 1101 2944 aver.

101 2961 159 3040 tit3
177 2960 291 3040 fuisset
312 2969 397 3031 enim,
420 2972 458 3020 ut
483 2959 636 3040 Iosephus
658 2955 828 3038 subiungit,
852 2956 967 3026 caedas,
988 2974 1100 3041 quanta

102 3069 157 3122 vix
177 3083 301 3146 unquam
321 3073 429 3132 antea,
459 3062 559 3128 edita,
579 3067 606 3118 si
625 3081 684 3141 quaa
702 3065 874 3138 permissum
885 3055 1016 3134 fuisset,
1038 3081 1101 3124 eum

104 3163 227 3226 Claudio
249 3165 284 3226 de
303 3169 474 3244 principatu
494 3163 676 3223 contendere.
717 3163 766 3224 En
795 3161 894 3243 igitur
914 3173 1042 3224 noctem
1063 3163 1099 3226 il·

104 3263 176 3344 lam,
196 3289 282 3350 mom
300 3285 394 3346 paene
411 3261 577 3342 supremam
589 3261 724 3324 Romani
743 3262 941 3324 habuerunt:
962 3281 1001 3323 en
1021 3264 1100 3324 illud

105 3368 201 3437 stata,
223 3368 310 3450 quod
331 3367 401 3428 eius
420 3373 515 3428 nostis
537 3364 687 3425 tenebras
708 3365 870 3442 discussit,
903 3373 1098 3446 coinsertus,
1130 3373 1131 3377 ’
