2636 3860
472 391 607 434 aorisia
628 391 816 436 amussis·
1082 375 1125 436 lx

140 531 176 592 tii
197 531 318 608 verbis,
339 532 371 592 in
391 543 528 600 metrum
548 531 702 608 redacti-s,
718 532 911 614 composita,
938 533 1032 601 llich.
1053 536 1127 598 'fel-

139 635 236 696 lierus
251 635 374 717 aliique
395 645 610 716 exposuerunt
631 634 675 712 ²²⁴).

217 734 282 796 Sed
307 734 426 800 inventi
453 749 526 798 sunt
552 746 739 816 praeterea,
760 735 833 818 qui,
857 738 998 818 quamvis
1026 741 1127 804 Curtii

141 859 247 908 reram
269 857 309 900 ex
328 850 485 902 vetustate
510 835 664 918 originem
686 857 749 898 non
770 849 939 919 negarent,
961 843 1004 904 its
1023 855 1127 906 tamen

140 943 222 1004 iusto
243 939 420 1024 sagaciores
441 959 475 1002 se
494 921 693 1022 praestarent
721 939 752 1000 in
778 940 885 1000 naevis
904 941 971 1024 ejus
993 943 1127 1006 indicau-

140 1043 204 1122 dis,
234 1057 268 1106 ut
288 1065 360 1106 eum
386 1043 479 1126 plane
511 1044 686 1104 eximerent
712 1063 730 1106 e
756 1043 913 1106 bonorum
935 1046 1126 1128 scriptorum

140 1170 284 1214 numero.
327 1151 448 1210 Eorum
480 1165 591 1229 agmen
618 1145 705 1206 duxit
732 1150 798 1209 Iol.
827 1151 954 1210 Clericus
980 1147 1126 1216 biblioth.

141 1253 212 1317 crit.
234 1255 271 1316 P.
296 1255 348 1317 ΙΙΙ.
370 1263 447 1312 sect.
467 1253 497 1317 3.
518 1270 590 1333 cap.
621 1251 644 1315 Ι.
671 1253 699 1334 d.
720 1258 749 1326 l..
769 1247 825 1311 ubi
846 1250 1002 1334 sigillatim
1023 1262 1056 1312 et
1077 1249 1126 1314 su·

140 1357 204 1418 sius
227 1357 437 1418 demonstrat:

223 1467 255 1534 ι)
271 1461 422 1531 Curtium,
444 1454 584 1539 quamvis
606 1473 624 1510 a
642 1451 748 1540 multis
769 1453 844 1513 viris
861 1453 962 1516 doctis
983 1478 1043 1537 per
1062 1479 1128 1520 om·

140 1565 201 1638 nia,
221 1563 336 1645 quibus
357 1561 469 1620 literae
491 1559 651 1616 Romanae
678 1554 865 1633 floruerunt,
884 1568 1029 1638 tempora
1045 1579 1127 1620 sum·

141 1665 199 1724 mis
223 1663 368 1723 laudibus
390 1661 506 1722 elatum
528 1670 560 1720 et
580 1659 662 1721 inter
683 1660 801 1742 optima
823 1659 1012 1745 antiquitatis
1029 1683 1128 1744 opera

141 1765 292 1827 historica
312 1775 523 1846 numeratum,
539 1761 638 1824 fuisse
657 1774 723 1824 tum
738 1764 945 1825 astronomiae
965 1776 1032 1826 tum
1053 1787 1129 1848 geo·

106 1869 107 1874 ’
141 1871 291 1959 graphiae
320 1870 412 1953 plane
433 1865 616 1949 imperitum
642 1878 737 1950 atque
764 1866 850 1928 varie
871 1866 944 1928 hinc
972 1866 1004 1926 iu
1024 1867 1129 1930 multis

141 1977 326 2060 impingere.

220 2086 255 2152 a)
276 2079 357 2141 Male
379 2079 453 2162 eligi
474 2078 512 2137 ab
536 2095 574 2137 eo
595 2073 745 2136 historiae
772 2095 851 2162 quos
884 2086 1034 2160 sequatur
1057 2096 1129 2138 aue·

142 2193 239 2256 tores,
259 2193 292 2240 et
312 2180 432 2240 fabulas
457 2177 589 2239 subinde
611 2178 716 2240 scribi.

219 2285 253 2364 3)
278 2287 454 2368 Perperam
481 2284 541 2346 alia
567 2303 635 2344 esse
662 2281 819 2364 descripta
859 2293 893 2343 et
925 2283 1053 2364 prodita
1080 2303 1130 2344 re·

142 2387 320 2472 pugnantia.

221 2498 255 2561 4]
277 2493 379 2573 Saepe
412 2511 544 2572 prorsus
571 2487 691 2546 inutilia
715 2486 856 2564 narrari,
893 2497 1004 2546 contra
1031 2485 1133 2550 omitti

144 2611 277 2650 maxime
298 2611 484 2654 neccssaria.

702 2827 708 2846 l

196 2853 222 2918 *)
242 2853 329 2906 Aliter
352 2855 453 2910 iudicat
477 2856 525 2906 Vis
547 2855 721 2906 Ductissimus
748 2855 866 2925 mihique
883 2871 935 2907 nnn
953 2875 1006 2907 unis
1026 2858 1133 2922 numine

145 2921 292 2985 colendus,
317 2923 450 2975 Henm'ens
475 2924 637 2984 Schrrr'ber,
665 2923 825 2976 Academiae
857 2927 1040 2992 Friburgcnsis
1066 2925 1133 2974 Prn-

145 2993 246 3054 sessor,
271 2992 298 3040 in
317 2990 501 3061 dz'spntatione
526 2992 559 3042 cle
581 2994 778 3041 Germanorum
804 2995 992 3044 vetustissimo
1016 2994 1134 3044 Alexan·

146 3057 253 3120 deside,
282 3077 363 3129 queam
381 3061 540 3112 humbertus
561 3061 680 3110 Clericus
704 3060 859 3110 eorzdidissc
877 3060 992 3123 vedetur,
1013 3063 1056 3128 qui
1077 3065 1135 3128 p.8

146 3137 173 3179 et
193 3125 232 3191 14.
253 3127 400 3180 Gualthero
421 3132 560 3180 Aenianum
580 3138 639 3179 ante
658 3130 751 3182 oculos
769 3131 857 3192 luisse,
876 3132 904 3180 in
920 3133 1068 3182 isniversum
1087 3147 1134 3178 au·

146 3206 199 3248 tem
220 3196 299 3246 medii
320 3198 374 3247 aevi
393 3198 485 3264 poetas
504 3199 530 3246 in
550 3196 719 3248 celebrandis
741 3198 881 3248 Alexandri
901 3197 1063 3248 facinoribus
1080 3213 1134 3247 ten

146 3273 248 3322 ueteres
276 3281 365 3314 rerum
390 3265 530 3316 Alexandri
561 3267 704 3333 scriptores
729 3267 800 3334 ipsus
823 3275 929 3318 secutos
957 3281 1013 3316 esse
1036 3273 1134 3327 censet,

146 3333 194 3382 sed
214 3334 370 3399 posterioris
387 3334 517 3400 temporis
533 3333 672 3396 libellum,
696 3335 781 3386 latino
796 3351 920 3388 sermone
943 3335 1047 3386 conseri
1069 3341 1135 3396 tum,

148 3402 192 3518 gui
214 3401 383 3468 inscribitur:
404 3402 526 3452 Historia
553 3399 708 3452 Alexandri
726 3402 831 3472 lllagni
853 3403 935 3470 Regis
958 3351 1136 3452 Mucedduiee
1202 3409 1206 3417 '

169 3485 182 3518 e
199 3470 321 3537 proeliis.
