2636 3860
208 357 283 421 xlv
529 375 572 416 ou
598 377 627 438 ρ.
650 375 767 419 ouurio
789 325 872 419 duro

979 456 991 488 l

213 513 400 598 praeferunt
430 517 669 598 Vespasianum,
707 518 773 576 lot.
814 519 938 578 isaacus
965 519 1118 583 Fontanus
1138 516 1195 600 3¹³)

207 619 396 700 'l'rajanum,
431 622 537 697 Argius
580 621 690 681 Gibbon
727 618 771 701 ¹4)
805 621 1017 700 Gordianum,
1051 621 1199 682 Iohannes

204 719 314 781 Moller
347 724 390 802 1ὁ)
428 723 641 786 Alexandrum
671 721 844 800 Severum,
888 725 996 786 Barth.
1023 723 1198 785 Nteoutrtns

205 827 393 906 Septimium
426 826 605 906 Severum,
644 828 759 906 Caspar
793 827 934 886 Barthius
970 825 1196 904 Theodosium,

132 1006 137 1009 ,
203 925 354 1016 denique¹
376 931 506 1005 Bognolo
536 931 633 990 Italus
661 929 897 992 Constantinum
926 931 1073 1013 Magnum
1096 928 1196 992 substi

201 1027 304 1099 tu'unt.
348 1035 382 1094 ln
409 1053 471 1115 qua
504 1032 632 1117 quidem
655 1031 880 1094 sententiarum
909 1032 1092 1095 diversitate
1122 1053 1195 1094 oum

148 1150 153 1169 ⁸
205 1139 267 1198 tria
304 1135 502 1219 potissimum
535 1135 650 1198 iudicia
680 1137 850 1218 conspicua
889 1136 965 1214 sint,
1001 1157 1113 1199 eorum
1147 1135 1192 1196 di·

201 1259 260 1317 eo,
295 1239 350 1322 qui
377 1238 430 1301 vel
457 1239 653 1320 Augustum,
677 1239 729 1302 vel
751 1239 933 1318 Claudium,
955 1241 1006 1302 vel
1028 1239 1193 1320 Vespasia-

205 1355 279 1403 nn'm
304 1343 492 1424 intelligunt,
512 1341 610 1422 paulo
625 1342 754 1404 uberius
768 1357 970 1424 exponamus,
984 1340 1097 1425 quibus
1114 1339 1191 1401 freti

200 1446 391 1529 argumentis
412 1444 473 1508 viri
493 1445 610 1506 eruditi
634 1447 666 1506 in
686 1458 793 1528 partes
818 1445 873 1516 has
895 1443 1107 1510 discesserint.
1139 1445 1189 1505 Pi-

197 1543 292 1610 thoei
306 1561 339 1610 et
358 1551 525 1634 Bongarsii
547 1551 761 1636 conjecturam
784 1549 825 1610 de
848 1549 994 1630 Augusto
1021 1536 1185 1610 confutare

199 1652 319 1737 studuit
348 1655 371 1718 Ι,
398 1653 523 1734 Lipsius
546 1646 591 1714 ‘ad
619 1653 720 1713 Taciti
755 1653 877 1716 Annall.
906 1653 967 1729 XI,
998 1669 1048 1714 ui.
1090 1647 1187 1736 Quod

199 1754 316 1816 Caesar
339 1754 529 1818 Octavianus
553 1755 593 1817 ad
613 1755 780 1836 imperium
803 1767 931 1818 evectus
951 1774 1014 1815 non
1035 1752 1186 1812 exstinxe-

194 1857 238 1918 rit
257 1857 356 1936 laces,
378 1857 437 1919 sod
456 1857 651 1936 ascenderim
681 1881 743 1920 non
770 1852 949 1921 condiderit
970 1856 1107 1938 gladios,
1127 1853 1183 1914 sed

186 1959 350 2022 eduxerit.
393 1965 475 2022 Tum
500 1963 583 2023 enim
613 1963 778 2023 recruduit
806 1961 898 2023 civile
924 1960 1060 2036 bellum,
1075 1971 1184 2041 ,atque

193 2081 256 2142 per
287 2050 403 2124 multos
438 2075 533 2128 annos
565 2078 614 2127 est
645 2077 853 2148 protractum.
885 2062 1009 2139 Addit,
1040 2060 1183 2151 Curtium

193 2164 302 2225 aetatis
324 2185 399 2227 suae
419 2187 531 2250 paoem
550 2169 691 2252 longam,
714 2180 825 2229 cuneta
852 2158 1070 2243 referentem,
1091 2181 1182 2244 prae-

191 2267 324 2334 dicasse.
364 2270 408 2330 At
426 2269 485 2330 snb
503 2272 649 2353 Augusto
673 2269 782 2352 viginti
810 2267 961 2331 annorum
987 2265 1071 2328 bella
1099 2263 1179 2326 *suis-

191 2392 225 2432 se
256 2369 312 2452 16).

189 2483 192 2498 '
268 2477 372 2540 Nihilo
392 2491 497 2542 tamen
517 2481 636 2560 minus,
651 2491 703 2545 ,ut
729 2477 824 2561 paulo
853 2487 924 2536 ante
955 2473 1104 2549 diximus,
1125 2489 1178 2531 no·

190 2579 262 2640 stris
284 2581 378 2643 etiam
400 2583 511 2646 diebus
539 2585 670 2646 eandem
698 2579 825 2642 Pithoei
856 2589 890 2638 et
913 2578 1079 2662 Bongarsii
1106 2597 1176 2637 sen·

188 2681 316 2742 tentiam
343 2685 479 2765 amplexi
505 2697 578 2745 sunt
605 2683 762 2746 duumviri
792 2681 940 2743 doctrina
962 2681 1114 2762 insignes,
1142 2683 1175 2739 A.

187 2784 307 2844 Hirtius·
343 2781 407 2865 ¹7),
456 2797 490 2847 et
527 2787 657 2868 Thespi.
695 2788 860 2864 Zumptius.
900 2785 1042 2845 Primum
1089 2781 1174 2864 prio-

238 2985 280 3056 i3)
302 2989 408 3058 Sylloge
426 2993 544 3062 epistoll.
563 2993 605 3057 39.
624 2991 668 3042 60.
689 2989 729 3055 75.
750 2997 791 3058 87.
808 2996 853 3058 97.

238 3056 277 3126 ru)
298 3058 319 3122 I,
338 3057 398 3123 481.
420 3079 446 3128 p.
462 3065 507 3116 41.
526 3077 592 3112 vers.
611 3076 694 3126 vern,
716 3059 763 3110 ubi
787 3069 877 3112 tamen
899 3062 1032 3130 interpres
1061 3057 1171 3118 Wenet

182 3125 340 3194 obloquitur
359 3127 498 3181 Gibbono.
1043 3133 1045 3140 ’

234 3195 274 3262 15)
296 3195 410 3262 Allgem.
429 3197 589 3250 Gesohichte
606 3197 628 3262 l,
650 3209 706 3260 ¹93·
728 3233 730 3240 .

101 3319 102 3328 ,
234 3263 276 3331 1'6)
296 3263 342 3316 ubi
361 3272 451 3316 tamen
469 3253 661 3318 advertendum
680 3274 737 3334 est,
772 3265 893 3316 Curtium
917 3283 972 3318 non
995 3265 1035 3333 de¹
1046 3267 1168 3318 universo

182 3328 291 3382 Romani
311 3333 415 3400 imperii
435 3335 512 3399 orbe,
530 3335 577 3387 sed
596 3335 630 3386 de
648 3335 705 3384 sola
722 3335 788 3387 urbe
807 3338 878 3404 Tyro
896 3337 980 3405 loqui.

184 3455 185 3460 ,
232 3399 273 3472 ¹7)
290 3401 379 3452 Unber
395 3401 440 3454 das
455 3404 547 3455 Leben
567 3403 613 3456 des
631 3402 926 3459 Geschiehtschreibers
942 3405 975 3472 Q.
989 3401 1096 3459 Curtius
1115 3401 1166 3452 liu·

177 3465 227 3524 lus.
245 3469 334 3523 Berlin
350 3469 396 3523 bei
412 3473 514 3525 Nauck.
536 3471 610 3530 1820.
625 3473 649 3526 8.
