2636 3860
415 330 540 386 xsuren.
558 329 595 380 na
612 330 646 396 o.
667 327 825 378 cunrrun
845 329 875 381 n.
896 331 918 382 1.
1162 337 1178 387 5

176 493 342 544 momento
363 478 540 542 subductus
562 489 612 540 est
628 473 671 557 ³⁸),
690 489 727 538 ut
747 489 780 538 et
800 479 933 540 maxima
950 476 1082 559 gerendi
1102 478 1179 539 belli

178 562 317 624 subsidia
346 561 414 622 silio
451 571 484 621 et
540 558 644 619 lenam
677 558 761 641 gesti
800 554 934 639 gloriam
964 558 1177 644 relinqueret:

177 642 312 726 quadam
327 642 474 704 fortunae
489 581 652 714 industria,
676 659 770 721 qnam
786 661 865 700 unus
878 640 931 700 hic
948 651 1108 722 perpetuo
1123 640 1179 701 nb-

177 733 366 806 sequentem
387 720 448 781 sibi
466 719 588 782 habuit.
631 720 728 780 Cuius
749 719 957 782 admiratione
979 741 1042 780 non
1068 731 1179 800 postea

176 802 273 864 modo
301 801 358 864 sed
379 800 483 862 statim
508 800 547 860 ab
568 799 656 860 initio
679 799 856 860 dubitatum
879 812 928 861 est
950 801 997 878 5),
1017 800 1179 862 rectiusnc

176 881 281 956 foret,
310 903 373 944 non
401 901 461 962 per
481 879 635 941 Aeacidas
663 893 718 940 aut
737 881 931 955 Herculem,
963 880 1019 942 scd
1048 881 1090 940 ab·
1109 881 1178 964 ipso

177 961 328 1046 protinus,
354 965 450 1038 love,
477 971 564 1022 tanto
596 961 716 1022 homini
738 959 863 1022 divinae
888 961 995 1042 stirpis
1024 961 1179 1042 originem

178 1057 332 1104 asserere.
379 1044 451 1126 lpse
487 1041 637 1124 quidem,
677 1061 749 1103 cum
781 1043 991 1103 Hammonem
1025 1041 1180 1122 Libycum

178 1123 298 1205 adiret,
327 1121 396 1184 eius
425 1119 525 1182 filium
547 1142 581 1184 se
603 1120 758 1204 appellari
779 1122 897 1196 voluit,
926 1133 961 1182 ut
981 1133 1094 1204 postea
1117 1127 1180 1182 t'ra-

178 1203 299 1264 demus‘.
340 1205 492 1265 Ceterum
521 1201 551 1280 b')
579 1202 750 1263 draconem
784 1201 816 1262 in
844 1201 942 1262 cubili
968 1202 1076 1262 matris
1113 1203 1180 1264 eius

178 1283 298 1359 visum,
328 1305 423 1367 quem
443 1285 478 1343 lu
503 1283 587 1376 piter
608 1282 767 1358 induerit,
793 1301 899 1365 eoque
919 1283 1060 1364 genitum
1081 1281 1180 1345 fuisse

177 1363 404 1438 Alexandrum,
424 1305 515 1423 mulli
540 1363 768 1426 crediderunt:
798 1361 827 1421 in
844 1363 971 1422 somniis
995 1363 1107 1438 etiarn,
1130 1385 1181 1423 va-

178 1454 246 1504 tum
272 1465 313 1504 ue
332 1443 494 1524 responsis
515 1439 612 1502 fidem
633 1441 758 1525 generis
775 1441 900 1502 l'actam:
922 1453 955 1500 et
975 1456 1046 1502 cum
1060 1443 1181 1524 Philip-

180 1545 242 1664 plus
280 1522 409 1606 telphos
431 1522 622 1582 sciscitatum
643 1521 788 1595 misisset,
814 1519 945 1583 oraculo
960 1521 1125 1600 monitum,
1145 1537 1181 1583 ut

215 1624 391 1664 ammonem
418 1601 567 1684 inprimis·
594 1612 811 1664 revereretur.
861 1603 929 1669 Nec
958 1601 1091 1680 desunt,
1126 1603 1181 1688 qni

179 1683 361 1744 fabulosum
389 1683 422 1744 id
455 1683 600 1766 quidem,
632 1704 696 1750 non
721 1695 827 1744 tamon
855 1681 1045 1743 adulterium
1074 1683 1182 1744 matris

167 1763 260 1825 ¹l'also
277 1763 426 1824 iactatum
442 1773 591 1826 asserant.
614 1761 759 1902 ¹puippe
778 1761 905 1856 pulsum
922 1764 1060 1845 Aegypti
1080 1785 1182 1846 regno

107 1903 112 1917 ,
180 1843 415 1924 Nectanehum,
442 1866 516 1922 non,
534 1849 576 1904 'ut
594 1865 637 1906 vu
651 1865 692 1926 go
717 1843 929 1920 arbitrantur,
955 1843 987 1902 in
1008 1845 1182 1922 Aethiopas

181 1925 393 2002 concessisse3
421 1925 478 1986 sed
506 1945 578 1986 eum
606 1925 757 1985 adversus
783 1923 846 1982 vim
869 1923 1029 1984 Persicam
1058 1926 1089 1985 in
1110 1924 1183 1984 Phi-

179 2005 268 2086 lippo
284 2005 418 2066 maxime
438 2004 662 2086 praesidiums
688 2015 804 2076 oraret,
825 2003 856 2063 in
871 2003 1089 2066 Macedoniam
1110 2025 1183 2066 vec·
1288 2055 1289 2060 ,

179 2096 266 2162 tum,
294 2085 422 2169 magicis
442 2085 620 2170 praestigiis
640 2025 775 2146 illusisse
797 2081 987 2164 Olympiadi,
1008 2097 1113 2146 torum
1136 2105 1182 2146 ue

180 2164 315 2247 hospitis
346 2165 564 2236 temeravisso.
605 2165 793 2248 Suspectam
814 2163 945 2246 quidem
972 2166 1086 2226 exinde
1107 2167 1134 2224 P
1158 2167 1182 2224 i-

180 2245 287 2328 lippo,
314 2267 419 2331 neque
448 2246 540 2308 aliam
567 2256 630 2306 tam
650 2246 790 2313 intimam
812 2244 958 2320 divortii,
989 2246 1078 2328 quod
1098 2247 1182 2304 inter

182 2346 238 2386 eos
262 2337 407 2387 secutum
431 2337 490 2400 est,
511 2346 645 2399 oausam,
666 2347 725 2406 pro
748 2337 916 2406 comperto
939 2338 1050 2405 postca
1072 2325 1182 2384 fuisse.

182 2407 285 2467 Etiam
305 2427 370 2494 quo
385 2406 436 2466 die
450 2405 615 2486 Philippus
631 2407 832 2486 Cleopatram
853 2403 981 2464 domum
996 2404 1183 2479 deduxerat,

182 2486 335 2561 Attalum,
356 2507 369 2546 s
395 2505 490 2547 onsac
506 2485 707 2556 avunculum,
726 2483 909 2543 Alexandro
923 2483 1071 2541 natalium
1087 2481 1182 2544 dede·

184 2585 241 2626 cus
268 2508 465 2644 exprohrare
486 2583 615 2636 ausum,
643 2562 712 2642 ipso
741 2583 807 2644 ¹quo
834 2582 874 2626 ue
900 2581 977 2642 rege
1000 2558 1029 2642 7)
1052 2583 1092 2622 ex
1112 2583 1182 2623 sese

184 2643 326 2726 genitum
357 2654 508 2726 negante:
550 2641 688 2726 denique
721 2639 763 2702 de
791 2583 989 2724 Olympiadis
1024 2643 1182 2706 adulterio

186 2799 377 2816 *un—e·—

253 2893 281 2962 4)
302 2895 377 2948 Curt.
400 2913 425 2963 7,
447 2913 469 2959 r,
488 2901 514 2951 3.

252 2963 280 3032 5)
298 2967 373 3018 Curt.
395 2983 434 3020 ιο.
456 2965 482 3027 5,
503 2963 544 3016 35.

254 3035 282 3102 6)
303 3035 412 3086 Lucinn.
431 3033 505 3083 dinll.
527 3041 617 3084 mortt.
638 3031 717 3082 Silius
734 3030 794 3082 ltal.
816 3031 868 3081 lib:
891 3037 929 3087 ¹3·
953 3031 1056 3084 Victor.
1079 3027 1106 3075 in
1127 3023 1181 3075 Ga-

186 3104 265 3164 lerio.
284 3104 334 3154 Dio
353 3103 489 3160 Chrysost.
508 3110 576 3153 orat.
604 3101 628 3170 4.
658 3098 751 3149 Sidon.
770 3113 851 3148 carm.
871 3115 895 3148 a.
917 3108 942 3150 ct
960 3115 986 3164 9.
1006 3093 1138 3148 Plutarch.

186 3187 210 3222 a.
228 3173 321 3222 lustin.
342 3187 380 3238 ιι,
403 3159 702 3233 irct·rn,16.Solin.
730 3183 753 3217 c.
784 3166 1025 3231 14.Eusob.orat.
1051 3157 1176 3217 1.Anto-

187 3243 329 3294 nin.,0tto
346 3241 460 3306 Frising.
483 3255 508 3302 a,
528 3241 570 3295 25.
590 3237 739 3288 Cedrenns.
759 3233 864 3302 Glycas.

254 3307 281 3376 7)
300 3309 391 3358 lustin.
413 3327 455 3372 ιι,
477 3323 525 3370 ιι,-
549 3307 573 3372 4.
602 3305 717 3357 Tcxeiro
740 3301 832 3353 histor.
851 3303 925 3354 Pers.
946 3319 974 3362 1,
1003 3317 1044 3351 aa.
1065 3298 1121 3377 niv.
1141 3297 1183 3362 nd,

192 3392 232 3442 19,
249 3379 275 3428 6.
294 3378 373 3428 Silius
397 3378 442 3429 lib.
461 3391 487 3442 9.
506 3377 612 3426 Gallius
631 3391 656 3442 7,
674 3389 691 3424 1.
710 3369 769 3422 Val.
794 3371 866 3423 Max.
887 3383 966 3435 1,s,
986 3383 1011 3418 α.
1029 3367 1143 3434 Quintil.
1160 3383 1175 3416 2

189 3445 214 3509 lp.
233 3445 344 3497 Sueten.
361 3446 428 3514 Aug.
446 3463 471 3498 c.
489 3444 532 3512 94.
1178 3469 1185 3487 .
