2660 3864
409 317 524 372 suern.
560 311 602 372 m
618 320 653 387 Q·
670 303 826 374 carrion
845 321 875 373 n.
895 321 917 372 r.
1125 330 1158 384 57

146 475 276 548 cunque
297 465 460 546 expellere
481 465 697 544 festinaveris,
719 488 792 530 sero
813 469 943 548 moriar,
964 470 1088 550 pudori·
1103 491 1157 553 pa-

145 545 292 626 triaeque
304 552 477 628 superstes.
516 548 702 610 Alexander
715 546 772 628 ¹⁶),
792 549 915 630 cognita
932 569 1035 628 causa,
1059 549 1161 612 d'bra-

146 644 218 684 cem
245 625 316 685 iure
336 645 465 688 caesum
478 627 718 708 vpronuntiarim
746 647 852 710 neque
877 629 937 689 sibi
963 630 1094 710 plaeere
1114 631 1161 690 in-

146 704 259 787 genuis
280 703 469 766 mulieribus
494 707 557 768 vim
577 705 665 768 fieri:
696 707 970 790 collaudatamqne
992 707 1160 788 feminam,

147 803 220 844 cum
241 784 406 855 omnibus,
431 785 487 868 qui
507 786 695 868 cognatione
717 787 816 868 ipsam
837 788 1040 882 attingerent,
1059 787 1161 858 liber-

146 884 198 924 em
225 883 295 924 esse
317 863 425 942 iussit,
456 876 490 925 et
517 887 583 948 quo
608 864 744 948 quisque
774 867 874 928 vellet
895 865 1082 928 discedendi
1102 879 1163 949 po'··

145 953 296 1004 testatem
317 942 406 1014 l'ecit.
446 945 601 1026 Pepercit
622 957 656 1005 et
675 945 807 1005 Pindari
827 947 985 1027 posteris,
1006 946 1038 1006 in
1058 946 1159 1008 hono-

145 1043 217 1084 rem
239 1022 330 1099 vatis,
355 1023 413 1106 qui
431 1044 590 1104 proavum
611 1024 696 1107 regis
721 1025 938 1086 Alexandrum
968 1025 1162 1090 carminibus

145 1102 211 1162 suis
230 1102 418 1180 inseruerat,
439 1103 603 1188 ipsiusque
626 1103 756 1164 domum
779 1106 915 1166 eremari
935 1107 1045 1166 vetuit.
1085 1107 1159 1168 Non
1194 1176 1200 1184 ¹

147 1182 232 1242 enim
262 1193 463 1263 praesentem
491 1195 613 1244 tantum
641 1183 796 1244 virtutem
824 1184 997 1261 adamavit,
1044 1193 1161 1247 'verum

146 1260 242 1322 etiam
282 1261 469 1324 memoriam
496 1279 684 1344 magnorum
715 1261 857 1324 virorum
890 1264 1089 1338 reverentia,
1127 1277 1162 1327 et

1 1421 3 1436 .
57 1347 60 1358 '
145 1340 335 1422 progeniem
369 1341 499 1402 illorum
533 1341 700 1424 beneficiis
735 1353 927 1422 prosecutus
972 1356 1042 1409 est.-
1081 1349 1163 1404 Nam·

150 1417 198 1492 ¹⁷)
220 1431 254 1479 et
274 1431 397 1512 postea,
424 1441 498 1481 cum
520 1431 687 1502 postremo
709 1421 842 1500 proelio
863 1422 1000 1481 Darium
1020 1423 1161 1500 vicisset,

147 1499 509 1578 Crotoniatispraed'ae
536 1510 665 1580 partem
688 1499 789 1576 misit,
820 1501 1040 1584 quod-Xenis
1062 1503 1160 1579 bello,

153 1577 271 1638 ceteris
292 1577 492 1640 Graecorum
522 1577 657 1640 coloniis
681 1579 721 1638 de
747 1579 881 1640 Graecia
904 1579 1159 1662 desperantibus,

146 1657 280 1736 Phayllo
306 1657 388 1717 duee
408 1658 574 1720 triremem
593 1679 687 1718 unam
708 1657 756 1730 „ad
775 1658 965 1718 Salaminem
985 1661 1160 1722 misissent:

147 1749 181 1798 et
207 1737 409 1798 Plataeenses
436 1737 561 1799 honore
589 1736 746 1818 donisque
772 1732 898 1813 allecit,
926 1740 1000 1822 quia
1023 1741 1161 1800 maiores

147 1836 263 1878 eorum
277 1816 409 1878 Graecis
423 1817 576 1879 adversus
587 1815 787 1878 Mardonium
802 1817 1034 1901 proeliantibus
1048 1841 1161 1905 agrum

147 1915 239 1958 suurn
262 1897 348 1958 dono
374 1895 529 1958 dederant
554 1891 611 1968 11).

226 1977 311 2041 XIV.
336 1978 426 2038 Hanc
435 1975 663 2038 Thebanorum
681 1975 804 2036 cladem
817 1975 916 2040 multa
929 1987 1053 2036 ostenta
1068 1997 1162 2057 prae-

148 2067 322 2121 cesserunt.
365 2057 482 2120 'linibus
502 2069 575 2118 ante
595 2055 767 2130 mensibus,
790 2075 885 2137 quam
909 2055 1091 2118 Alexander
1107 2057 1161 2116 ad-

150 2137 298 2214 venisset,
318 2137 350 2196 in
370 2136 445 2197 fano
466 2137 607 2212 Cereris,
629 2155 712 2220 quae
737 2134 1000 2216 Thesmophoros
1022 2137 1161 2216 appella-

148 2226 216 2290 tur,
237 2228 407 2298 conspecta
424 2227 475 2276 est
490 2235 624 2276 araneae
638 2216 701 2276 tela
718 2215 818 2298 nigra,
842 2233 916 2274 cnm
930 2216 1014 2275 eirca
1034 2227 1160 2294 tempus

148 2296 337 2356 Leuctricae
352 2315 491 2388 pugnae,
505 2317 568 2378 qua
585 2315 638 2356 res
653 2293 804 2354 Thebana
819 2293 858 2353 ad
880 2313 1037 2374 summum
1058 2294 1162 2352 felici-

148 2375 220 2434 tatis
235 2387 348 2437 erecta
361 2373 442 2449 furt,
472 2373 602 2433 candida
619 2373 850 2451 comparuisset
867 2371 907 2449 ¹).
934 2371 986 2432 Ad
1004 2371 1084 2431 haec
1100 2371 1160 2431 sub

150 2452 322 2515 adventum
342 2451 555 2513 Macedonum
582 2449 733 2509 sudantes
760 2451 792 2508 in
813 2449 889 2509 foro
910 2461 1050 2525 statuae,
1075 2471 1159 2532 eque
1263 2465 1268 2476 ·

148 2532 221 2592 lacu
234 2532 319 2612 apud
334 2529 534 2591 Onchestum
548 2527 649 2589 tristia
662 2527 820 2608 mugitus,
838 2539 871 2587 et
888 2527 1078 2610 prodigioso
1092 2549 1160 2590 aan-

150 2610 246 2693 guino
261 2607 363 2670 lluens
372 2609 482 2686 Dirce,
495 2619 622 2669 terrere
637 2606 811 2667 obstinatos
819 2618 979 2688 poterant,
993 2607 1051 2668 nisi
1065 2609 1160 2670 desti·

150 2700 242 2749 natos
267 2689 347 2749 sorti
365 2709 442 2750 suaa
461 2687 611 2770 superbia
630 2685 832 2768 perdidisset.
857 2685 987 2778 Quippe
1003 2688 1160 2750 maiorum

151 2767 287 2848 gloriam
316 2768 496 2845 intuentes,
523 2791 541 2828 a
573 2786 710 2852 quorum
731 2766 874 2828 moribus
901 2766 998 2858 longe
1018 2787 1161 2829 recesse-

150 2860 238 2929 rant,
272 2858 306 2910 et
333 2847 365 2908 in
393 2846 575 2930 disparibus
604 2845 727 2910 artibus
755 2845 889 2909 eandem
915 2845 977 2906 8lb1
996 2844 1159 2909 fortunam

157 3013 349 3054 m·

217 3111 257 3181 16)
277 3112 382 3163 Arrian.
403 3118 432 3176 1,
461 3112 493 3176 5,
513 3114 554 3164 26.
572 3111 676 3167 Aeliae.
696 3109 758 3161 hist.
773 3125 845 3166 narr.
871 3111 914 3179 13,
942 3125 967 3179 7.
987 3111 1040 3166 Dio
1060 3081 1158 3178 Cirpi.¹

151 3189 222 3234 orat.
242 3178 267 3244 4.
288 3183 399 3232 Tzctnes
421 3179 491 3230 Chll.
512 3195 536 3245 7,
558 3185 609 3245 ¹39·
675 3231 678 3238 ,

277 3247 413 3299 Plutarch.
434 3265 457 3299 c.
477 3249 519 3298 63.
538 3245 668 3298 Herodot.
689 3245 715 3310 8,
734 3247 776 3313 47.

219 3263 246 3369 ld
276 3314 412 3367 Plutarch.
430 3315 540 3366 Aristid.
560 3333 585 3366 c.
604 3315 661 3394 15.Δ

220 3382 375 3454 ι)1)1οἀοι·.
395 3400 434 3453 17,
454 3401 491 3436 ιο.
510 3383 624 3436 Pausan.
641 3383 691 3435 nb.
710 3399 737 3450 9.
