2636 3860
158 271 175 320 6
533 272 553 322 1.
571 271 789 330 FllElNSllEMll

160 432 222 486 non
241 425 272 482 in
292 433 401 482 nostro
427 419 528 480 solum
550 419 647 496 orbe,
677 420 735 482 sed
760 418 844 501 apud
865 419 1013 484 denotas·
1031 445 1158 508 quoque

159 505 317 575 nationes,
342 500 537 582 pertinacem
554 516 717 572 rumorem
737 500 921 562 obtinuisse.
961 504 1085 567 Verum
1107 526 1161 566 ve-

159 583 271 644 landae
303 579 491 664 ignominiae
529 581 704 662 repetitum
732 601 771 641 ex
802 579 937 667 antiquis
954 627 957 634 .
972 581 1088 646 fabulis
1119 585 1160 647 de

160 665 298 726 dracone
330 659 556 722 commentum:
583 660 669 721 idem
698 661 781 722 enim
802 660 879 720 olim
899 660 940 722 de
955 663 1159 730 Aristomene

159 744 350 818 Messenios,
381 740 421 800 de
442 740 644 801 Aristodama
665 740 832 820 Sicyonios
857 741 1031 804 iactavisse.
1078 745 1159 806 Sane

160 823 244 906 apud
271 822 406 882 maiores
432 833 558 885 nostros
585 821 626 882 de
655 820 822 902 Scipione,
853 821 908 902 qui
937 824 1052 887 Cartha
1077 827 1161 887 inem

160 905 250 985 prior
271 899 394 976 afflixit,
415 899 526 960 eadem
547 899 650 962 ferme
666 901 750 961 fama
764 901 835 980 l’uit3
857 901 1029 986 similisque
1050 845 1161 968 divini-

160 985 233 1048 tatis
262 981 444 1064 opinionem
465 981 600 1040 Romani
625 981 899 1062 modoprincipis
922 996 1010 1048 ortus
1031 983 1161 1048 hahuit:

160 1086 231 1127 nam
251 1064 298 1123 de
328 1060 494 1122 conditore
515 1061 608 1121 Urbis
622 1061 770 1122 ¹*Romulo
799 1062 878 1144 quid
900 1063 1011 1142 attinet
1033 1065 1162 1143 dicere,

161 1167 234 1206 cum
259 1143 345 1202 nulla
365 1153 532 1223 gens’tam
552 1132 626 1202 vilis
643 1143 840 1222 reperiatur,
869 1163 950 1224 quae
978 1141 1009 1224 ὃ)
1031 1146 1080 1206 sui
1107 1167 1163 1228 ge-

149 1225 251 1288 neris
272 1234 435 1284 auctorem
465 1242 528 1285 non
560 1220 660 1291 faciat
681 1223 805 1292 Deum,
835 1235 889 1284 aut
915 1225 988 1285 Deo
1018 1225 1162 1289 editum?

153 1306 315 1375 ,Ceterum
341 1300 514 1362 Nectenebi
543 1301 620 1383 fuga
651 1302 851 1384 temporibus
877 1303 965 1364 hisce
991 1326 1054 1366 non
1089 1324 1163 1366 con-

162 1386 262 1465 gruit:
282 1381 428 1457 sexennis
450 1383 533 1441 enim
554 1383 615 1442 iam
637 1395 706 1443 erat
724 1382 921 1459 Alexander,
943 1405 1015 1445 cum
1036 1384 1100 1461 ille,
1122 1385 1161 1446 ab

162 1465 255 1528 Ocho
280 1463 396 1536 victus,
413 1461 505 1521 avitis
527 1459 645 1542 opibus
666 1463 839 1527 excideret.
880 1467 947 1524 Nee
967 1465 1048 1538 ideo¹
1062 1465 1162 1526 minus

164 1565 278 1605 vanum
299 1555 359 1618 est,
381 1541 469 1624 quod
490 1541 530 1602 de
554 1545 630 1604 Iove
650 1541 766 1602 fertur.
807 1545 876 1624 Ipsa
905 1544 1033 1628 quidem
1055 1543 1164 1626 Olym-

185 1625 242 1698 ias,
273 1623 380 1682 demto
410 1631 484 1704 post
507 1622 610 1684 mari-ti
630 1643 745 1683 necem*
764 1635 871 1702 metu,
899 1626 1165 1690 asseverationem
1220 1626 1222 1635 ’

162 1647 220 1765 lilii
241 1705 317 1763 love
351 1721 385 1762 se
417 1701 556 1783 genitum
590 1702 678 1762 credi
703 1703 839 1772 volentis
868 1705 1003 1766 irrisisse
1030 1707 1164 1784 dicitur,

150 1785 320 1864 ‚missaque
342 1781 476 1862 epistola
496 1782 658 1862 petivisse,
678 1804 718 1843 ne
744 1805 790 1860 se,
813 1785 889 1847 nihil
912 1786 976 1846 tale
998 1787 1165 1848 commeri-

87 1880 90 1884 ·
148 1877 235 1937 ¹tam,
253 1861 336 1927 ‘odiis
353 1861 480 1926 lunonis
497 1862 660 1923 obiectare
681 1877 844 1944 pergeret.
869 1866 972 1925 Antea
992 1866 1076 1926 enim
1096 1867 1165 1950 ipsa

162 1943 296 2010 maxime
317 1939 456 2009 fabulam
478 1940 680 2009 eoniirmasse
707 1944 867 2022 creditur,
894 1943 1164 2025 proficiscentem·
1230 1953 1232 1962 ’

164 2023 279 2108 quein
300 2020 406 2080 Asiam
427 2021 642 2084 Alexandrum
662 2024 839 2100 monuisse,
865 2037 901 2086 ut
921 2045 1045 2089 memor
1069 2026 1164 2109 origi-

163 2105 211 2166 nis
244 2097 337 2181 digna
366 2111 455 2164 tanto
485 2103 631 2183 genitore
660 2118 852 2184 capesseret.
907 2107 1031 2168 Verum
1059 2117 1165 2166 tamen

165 2181 296 2256 ostentis
324 2180 430 2242 Deirm
459 2183 616 2266 variisque
657 2185 828 2264 praesagiis
856 2185 938 2248 inter
974 2199 1165 2268 conceptum

164 2265 350 2344 editumque
377 2273 504 2346 partum
525 2259 731 2345 significatum
759 2264 876 2342 i'uisse,
912 2278 1047 2348 quantus
1068 2267 1165 2326 homo

165 2355 360 2419 nasceretur,
382 2361 539 2407 consensu
558 2343 703 2408 traditur.
750 2343 956 2425 Ohsignatam
971 2344 1166 2428 Olympiadis

166 2427 271 2490 alvum
291 2422 421 2498 annulo,
443 2423 531 2484 euius
553 2424 717 2506 sculptura
738 2425 864 2486 leonem
878 2424 1085 2506 praeferret,
1106 2447 1166 2508 per

166 2506 307 2588 quietem
322 2503 488 2585 Philippus
504 2503 592 2570 vidit.
635 2507 732 2566 Cuius
752 2507 801 2566 rei
821 2505 1006 2567 memoriam
1027 2507 1168 2570 servavit

167 2584 373 2658 Alexandria,
403 2607 515 2667 quam,
548 2585 580 2647 in
600 2585 749 2668 Aegypto
771 2585 947 2662 conditam,
974 2586 1168 2672 aliquamdiu

166 2661 390 2744 Leontopolim
417 2665 632 2744 appellavere.
672 2669 751 2724 Nam
779 2665 820 2724 de
841 2665 1015 2726 Alexandri
1042 2688 1168 2749 magna·

167 2744 308 2811 nimitate
335 2753 368 2804 et
396 2743 517 2802 robore
550 2745 704 2803 somnium
730 2743 812 2803 illud
846 2745 1072 2826 interpretatus
1100 2758 1168 2806 erat

170 2821 373 2897 Aristander,
402 2821 612 2900 peritissimus
632 2835 757 2902 vatum,
784 2824 839 2910 qui
862 2837 975 2904 postea
1004 2846 1111 2888 comes
1136 2825 1168 2885 ei

167 2903 285 2981 haesit,
313 2899 477 2991 sacrisque
506 2901 574 2968 cius
596 2901 749 2990 praefuit.
790 2905 863 2991 Qua
885 2903 914 2984 9)
937 2919 1043 2969 autem
1070 2916 1167 2970 nocte

91 3031 94 3040 ¹
168 3039 370 3059 --·-.—··n

235 3116 269 3184 8),
282 3115 369 3172 Livius
390 3111 420 3161 in
439 3112 525 3179 prael.
544 3108 681 3162 Plutarch.
707 3125 732 3162 e.
757 3111 990 3164 eusealius
1011 3125 1051 3175 ¹3·
1072 3106 1097 3173 ly.
1115 3107 1166 3158 So·

169 3191 215 3238 lin,
235 3202 258 3239 c.
282 3187 320 3238 14.
339 3181 464 3253 Ephorus
482 3181 553 3248 apud
570 3180 683 3230 Tertull.
702 3179 736 3231 de
752 3181 840 3234 anima
859 3197 883 3231 c.
901 3179 943 3245 46.
956 3179 1047 3248 Steph.
1061 3179 1167 3246 Byzaut.

174 3247 450 3326 u'Altafidvdptta,
468 3255 587 3312 Eustath.
608 3255 641 3305 ad
653 3256 768 3322 Dionys.
787 3256 890 3320 Perieg.
910 3253 969 3318 ²54·

236 3333 265 3399 9)
283 3330 421 3385 Plutarch.
450 3347 477 3380 c.
500 3330 524 3395 4.
542 3330 640 3381 Cicero
659 3330 693 3382 de
711 3329 793 3380 divin.
815 3345 838 3394 t,
857 3334 898 3384 23·
918 3325 952 3378 de
971 3336 1026 3378 nat.
1042 3328 1124 3379 neor.
1142 3341 1170 3396 2,

156 3397 211 3469 ay.
231 3403 317 3456 sona.
335 3417 362 3454 c.
380 3397 421 3467 43.
435 3399 525 3453 Valer.
545 3400 614 3452 Max.
626 3399 651 3462 8,
665 3395 705 3464 il·
716 3401 843 3453 zonaras,
859 3396 929 3452 Hirr·
941 3395 999 3450 adv.
1010 3395 1169 3458 Helvidium,
