2660 3864
177 371 212 426 ²0
553 365 573 416 1.
591 362 808 416 summittant

176 515 282 576 Asiam
314 512 491 589 transiecit,
526 511 699 574 exereitum
726 509 862 587 robore,
906 529 999 604 quam
1020 527 1174 596 numero,

177 594 361 656 validiorem
382 591 512 655 ducens.
551 593 694 674 Triginta
723 592 866 672 peditum
887 591 982 652 mallia
1005 593 1173 656 Parmenio

176 673 329 735 ducebat:
371 693 508 755 quorum
535 673 725 734 Macedones
759 671 914 733 tredecim
953 672 1175 754 expleverant3

201 756 317 838 uiaque
345 764 435 814 erant
455 754 605 815 mercede
632 752 828 839 militantium
835 773 845 832 3
876 763 1015 813 ceteram
1035 755 1177 815 multitu·

177 777 281 896 iiinem
307 832 384 894 socii
409 831 568 896 foederati
593 854 632 895 ue
656 833 832 894 miserant*
854 833 920 893 Has
948 833 1054 915 copias
1075 834 1175 914 illyrii

175 914 380 996 Thracesque
407 926 441 974 et
468 857 615 990 Tribaiii,
648 912 687 974 ad
714 913 854 996 quinque
880 911 1042 976 bominum
1068 915 1176 992 millia,

175 993 399 1077 sequebantur,
419 993 531 1054 additis
544 995 630 1056 mille
645 993 854 1073 Agrianorum
869 1013 902 1053 sa
926 992 1046 1055 'ttariia
1074 995 1176 1079 Equi·

175 1085 274 1134 tatum
294 1073 503 1134 Macedonum
529 1074 603 1135 mile
630 1074 881 1154 octingentorum
928 1072 1043 1135 hilotas
1065 1075 1095 1154 2)
1118 1075 1175 1135 du·

177 1155 280 1230 cebat,
301 1165 334 1214 et
352 1152 485 1214 totidem
507 1173 547 1222 ex
567 1153 731 1216 Thessalia
754 1153 859 1214 Calas:
890 1175 907 1214 a
930 1154 1054 1238 reliqua
1076 1157 1174 1216 Grae-

177 1233 224 1295 cia
245 1233 386 1295 sexcenti
413 1232 539 1296 omnino
551 1236 674 1320 equites
698 1247 861 1309 venerunt,
883 1233 997 1318 quibus
1007 1235 1172 1318 Erigyium

199 1313 378 1396 raeposuit:
408 1334 521 1396 agmen
547 1314 684 1378 ducebat
703 1315 879 1376 Cassander
911 1335 983 1374 cum
1003 1316 1170 1398 nongentis

175 1335 335 1458 i'hracum
356 1404 452 1478 atque
471 1395 635 1456 Paeonum
656 1395 920 1456 antecursoribus
965 1397 1058 1458 Hunc
1080 1416 1171 1457 exer·

178 1475 292 1551 citum,
318 1493 383 1534 non
412 1475 494 1537 ultra
542 1495 612 1537 uam
638 1475 669 1536 in
690 1474 817 1558 triginta
845 1475 912 1536 dies
933 1476 1064 1556 proviso
1087 1495 1171 1538 com·

176 1565 298 1630 meatu,
326 1551 452 1615 infinitis
476 1497 684 1618 babarorum
713 1555 813 1636 copiis
835 1576 1002 1638 opponere
1032 1578 1095 1620 non
1116 1556 1172 1618 du·

178 1633 301 1713 hitavit3
322 1633 442 1696 virtute
462 1655 593 1698 suorum
613 1635 733 1711 fretus,
762 1635 817 1719 qui
843 1633 873 1710 ³)
895 1636 1052 1698 vincendo
1081 1656 1172 1699 senes

179 1713 267 1786 facti,
288 1713 408 1774 robore
429 1715 602 1778 animorum
619 1736 842 1799 armorumque
864 1737 924 1776 usu
943 1717 1074 1778 cuilibet
1094 1716 1174 1778 mul-

175 1794 301 1854 titndini
321 1794 459 1855 hostium
482 1795 708 1892 insuperabiles
730 1807 829 1856 erant.
863 1795 938 1856 Anti
963 1809 1051 1871 atro,
1079 1818 1174 1880 quem

178 1875 208 1952 ²⁸)
230 1894 303 1935 cum
324 1873 493 1936 duodecim
513 1877 648 1937 millibus
665 1875 811 1957 peditum
832 1887 865 1937 et
885 1817 972 1936 milia
993 1877 1174 1959 quingentis

177 1953 338 2046 equitibus
361 1955 565 2016 Macedoniae
586 1955 804 2034 Graeciaeque
830 1953 927 2016 rebus
952 1955 1172 2036 praefecerat,

176 2034 364 2108 iniunctum,
397 2044 434 2092 ut
464 2034 631 2097 continuos
658 2035 690 2092 in
715 2035 846 2113 Europa
874 2032 1016 2094 delectus
1044 2045 1173 2114 ageret,

177 2112 288 2196 quibus
312 2109 340 2188 5)
364 2111 514 2174 adversus
530 2114 728 2194 proeliorum
745 2111 867 2194 l'atique
881 2111 1068 2174 detrimenta
1083 2134 1174 2175 exer·

177 2192 257 2253 citus
291 2189 424 2252 subinde
454 2205 629 2255 novaretur
671 2193 744 2252 Hoc
772 2211 868 2252 unum
897 2191 957 2252 sibi
984 2206 1174 2276 exceperat,

102 2285 109 2295 '
176 2292 249 2333 eum
283 2282 391 2331 cetera
430 2273 535 2334 amicis
562 2273 745 2356 largiretur.
796 2271 961 2356 Quidquid
982 2273 1066 2337 enim
1086 2275 1173 2336 salva
1244 2337 1246 2343 ,

178 2353 340 2414 maiestate
369 2352 461 2433 regni
489 2352 601 2414 abesse
656 2362 777 2427 oterat,
810 2352 1036 2436 priusquam&
1076 2375 1173 2423 naves

130 2431 513 2550 Xconscenderetinter
527 2455 602 2496 suos
617 2375 787 2509 distribuit.
808 2431 979 2494 Perdiccas
995 2435 1172 2516 praedium,

177 2512 265 2596 quod
292 2511 445 2591 dabatur,
481 2534 544 2576 non
572 2513 711 2596 accepit,
750 2511 947 2594 interrogato
978 2535 1075 2597 rege,
1097 2516 1172 2598 quid

177 2593 305 2653 tandem
320 2591 380 2652 sibi
406 2593 467 2675 ipsi
483 2595 602 2678 reliqui
621 2589 768 2656 faceret?
794 2605 891 2676 atque
905 2593 960 2655 illo
976 2595 1172 2672 subiiciente,

177 2692 269 2752 spes:
302 2673 495 2735 Earumdem
515 2695 613 2768 ergo,
637 2673 757 2768 inquit,
785 2685 819 2734 et
838 2693 895 2733 nos
917 2675 1090 2757 participes
1112 2675 1173 2736 cri-

175 2765 260 2828 mus',
286 2752 342 2834 qui
361 2751 423 2813 tuis
451 2754 597 2835 auspiciis
616 2754 794 2814 militamus.
837 2753 936 2814 Pauci
962 2753 1047 2818 hunc
1071 2756 1172 2822 secuti

177 2841 262 2894 sunt:
290 2851 350 2916 par
375 2843 501 2896 ceteros
536 2854 599 2897 non
627 2832 734 2910 stetit,
759 2831 835 2920 quia
855 2833 1088 2923 interrogatus,
1117 2835 1174 2898 ubi

177 3055 296 3106 Frontin.
318 3053 344 3122 4,
362 3071 387 3121 a,
404 3052 430 3120 4.
449 3055 575 3126 Panegyr.
598 3054 775 3108 Constantino
798 3057 893 3110 dictus.
911 3056 1080 3124 Diodor.17,
1101 3071 1140 3123 ¹7·

180 3160 214 3248 M.
244 3121 271 3191 α)
291 3119 400 3176 Curtius
417 3123 443 3187 6,
457 3139 484 3191 9,
502 3140 544 3178 aa.
564 3123 678 3176 Diodor.
696 3136 738 3192 ι),
758 3132 796 3184 ι7.
815 3127 885 3178 Plut.
904 3142 930 3177 c.
949 3131 991 3184 23.
1008 3134 1035 3178 et
1056 3125 1091 3180 ds
1108 3125 1174 3196 [ort.

215 3206 260 3310 ⁸¹3
278 3207 399 3313 ''cifinit
412 3189 489 3328 iia,
510 3265 549 3316 aa.
567 3264 593 3325 a,
612 3263 637 3326 3,
659 3277 701 3328 η.

206 3339 209 3346 ’
244 3337 262 3386 a
284 3329 394 3379 ¹arrian.
416 3334 456 3394 ll,
475 3343 500 3395 3.
517 3329 627 3383 Diodor.
650 3338 689 3396 ¹7,
714 3348 754 3398 ι).

247 3397 263 3446 5
292 3397 439 3461 Curtiusb,
460 3410 483 3461 1,
501 3409 543 3462 39.

243 3463 272 3531 6)
291 3464 379 3514 lustin.
402 3482 440 3530 ιι,
459 3469 485 3531 5,
505 3467 529 3516 5.
547 3465 682 3521 Plutarch.
705 3483 729 3519 c.
749 3467 781 3520 aa
800 3474 827 3518 st
843 3465 877 3520 ds
894 3466 957 3522 lert,
975 3464 1050 3516 Alex.
1068 3479 1094 3530 a,
1113 3473 1155 3526 aa.
1186 3485 1191 3492 ·
