2660 3864
756 214 764 244 t

389 330 507 386 suren.
529 331 567 382 ut
585 331 619 398 o.
638 329 795 382 cunnum
812 330 844 382 t.
861 328 885 384 1.
1101 337 1134 394 ts

139 493 234 542 nante
255 479 525 564 decernerehtitn
556 459 702 538 Phthiam
715 463 758 560 6),
777 482 860 566 qtlae
879 480 1005 565 generis
1026 481 1075 542 sui
1094 496 1147 542 au·

140 575 265 624 ctorem
283 560 440 622 Achillem
453 559 651 641 protulissen
671 558 841 637 immunem
856 571 926 624 esse
939 561 1040 622 iussit:
1061 582 1148 624 eum-

141 663 205 726 que
228 641 364 704 heroie'm
383 638 594 722 expeditionis
616 639 767 702 adieretis
783 639 899 702 Persas
919 643 1040 703 socium
1053 653 1147 726 etque

140 722 388 784 commilitonem
425 720 545 804 eligere
577 739 612 780 se
641 718 731 786 dixit.
782 722 832 782 Ex
860 721 1020 786 Thessalia
1048 715 1148 783 Ther-

140 803 283 884 mopylas
304 793 335 882 ⁷)
362 800 465 882 petiit,
484 799 648 882 publicum
676 800 829 863 Graeciae
849 802 1028 879 concilium,
1048 803 1149 882 Pylai·

140 903 213 944 cum
239 879 270 956 θ)
293 882 462 963 appellant.
502 879 550 942 lbi
571 898 644 942 cum
656 879 809 964 frequens
829 887 891 964 per
911 896 967 944 eos
987 881 1054 943 dies
1068 901 1149 945 con-

140 958 256 1025 tentus
281 974 382 1040 esset,
410 962 442 1022 in
461 961 569 1043 lupum
595 961 698 1055 patris
719 962 987 1046 Amphictyonum
1015 960 1148 1025 decreto

141 1063 281 1126 summus
304 1043 510 1104 Graecorum
536 1033 566 1122 9)
592 1055 768 1124 imperator
793 1055 918 1104 creatus
925 1063 935 1118 3
962 1041 1148 1106 Ambracio-

140 1123 181 1183 tis
201 1127 302 1184 ratam
329 1123 400 1184 ¹csse
428 1121 609 1184 libertatem
629 1122 737 1200 iussit,
765 1139 860 1206 quam
883 1139 987 1206 nuper
1013 1124 1147 1203 expulso

141 1205 361 1266 Macedonum,
378 1203 539 1285 praesidio
574 1219 650 1263 rece
676 1214 782 1266 erant:
826 1205 913 1266 ultro
947 1203 1149 1264 redditurum

141 1282 241 1344 fuisse
263 1283 427 1361 dictitans,
449 1282 482 1342 ni
502 1283 612 1364 pahcis
658 1282 748 1342 rebus
769 1283 873 1364 ipsum
894 1283 1146 1348 antevertissent.

140 1363 265 1424 Exinde
287 1362 406 1442 Thebis
431 1363 476 1442 ¹⁰)
498 1361 626 1422 admoto
649 1363 804 1440 erercitu,
824 1363 988 1446 lractaque
1007 1361 1148 1425 Boeoto-

141 1459 212 1502 rum
234 1447 268 1504 et
291 1441 533 1502 Atheniensium·
553 1441 767 1518 conttimacia4
800 1443 855 1524 qui
875 1444 988 1524 populi
1014 1442 1185 1521 maximas

143 1523 208 1584 suis
232 1521 369 1584 consiliis
392 1519 596 1599 obstiterant,¹
627 1520 711 1602 apttd
736 1521 780 1602 ¹¹)
802 1523 988 1583 Corinthum
1010 1521 1149 1584 Graeco-

53 1623 55 1628 ·
141 1615 214 1662 rum
236 1602 360 1684 legatos
381 1610 554 1663 occurrere
576 1600 636 1662 sihi
656 1601 759 1664 iussit.
800 1602 847 1662 lhi
868 1600 1053 1664 confirmato
1074 1601 1149 1662 Am-

141 1681 347 1764 phictyonum
379 1682 532 1752 decreto,
562 1683 722 1744 communi
755 1683 895 1744 omnium
915 1682 1088 1760 sententia,
1116 1681 1148 1742 in

141 1760 284 1842 Philippi
302 1762 402 1844 patris
424 1761 532 1822 locum
550 1759 726 1842 imperator
739 1763 890 1825 Graeciae
911 1764 1066 1825 suli'ectus
1090 1774 1149 1838 est,

143 1855 176 1903 et
197 1843 228 1900 in
243 1842 365 1904 bellum
380 1842 547 1904 Persicum
567 1842 681 1902 auxilia
695 1843 835 1905 decreta.
873 1845 973 1906 Forte
993 1844 1025 1903 in
1037 1843 1149 1903 eadem

141 1922 225 1982 urhe
243 1918 406 2006 Diogenes
427 1921 575 2006 degebat,
595 1921 662 2005 qui,
683 1924 800 2004 Cynico
820 1924 965 1988 instituto
984 1935 1150 2006 spontane·

143 2025 193 2063 am
222 2016 445 2098 paupertatem
469 2003 647 2084 amplexus,
680 2005 817 2066 liberum
844 2017 877 2066 et
904 2006 953 2066 sui
981 2005 1058 2066 iuris
1086 2004 1149 2064 ani-

112 2163 114 2168 ·
143 2105 230 2144 mum
250 2084 363 2166 opibus
383 2083 535 2166 curisque
563 2085 771 2165 praetulerat.
811 2083 1024 2167 Apricahatnr
1043 2085 1098 2145 ille
1118 2084 1150 2144 in

145 2165 287 2241 craneo,
321 2163 466 2229 Corinthi
487 2163 643 2226 suhurhio
665 2165 721 2246 12),
745 2164 801 2227 uhi
820 2180 1044 2248 cupressorum
1059 2166 1149 2225 lucus

146 2248 204 2304 est.
243 2245 387 2306 Eccum
410 2245 593 2306 Alexander
618 2245 746 2308 videndi
772 2246 839 2308 eius
860 2246 1021 2308 desiderio
1048 2245 1150 2306 venis-

146 2332 214 2400 set,
241 2323 470 2408 optionemque
488 2323 623 2400 faceret,
644 2341 726 2406 quae
745 2325 792 2405 13)
814 2327 921 2401 vellet,
943 2325 1073 2462 abipso
1094 2345 1150 2404 pe-

145 2403 252 2480 tendi3
279 2423 452 2485 parumper
476 2401 642 2464 discedere
663 2405 754 2465 iussit
768 2422 902 2486 regem,
919 2424 960 2464 ne
983 2423 1085 2464 soem
1105 2408 1150 2486 ip-

147 2482 332 2561 terciperet.
380 2481 578 2562 Inopinatum
604 2493 810 2562 responsum,
839 2483 1081 2566 hominemque,
1119 2483 1151 2542 in
1315 2530 1319 2542 .

149 2581 246 2644 quem
265 2561 297 2621 in
317 2573 404 2622 tanta
424 2580 482 2621 sua
500 2558 631 2622 fortuna
650 2582 690 2623 ne
711 2560 856 2647 beneficii
879 2563 1010 2646 quidem
1028 2563 1077 2626 ius
1096 2563 1150 2625 ha·
1218 2592 1222 2600 Ι
1275 2577 1280 2586 ·

215 2823 244 2889 6)
262 2817 416 2878 Philostret.
434 2829 460 2878 in
478 2813 610 2879 Heroicis.

265 2963 355 3014 Livius
370 2968 412 3029 31,
432 2967 476 3030 32,
493 2969 518 3020 3.
536 2963 579 3029 33,
597 2978 638 3028 22,
657 2965 683 3020 4.

218 3031 247 3100 9)
268 3032 381 3082 Diodor.
404 3035 475 3100 ¹7²3
493 3038 519 3083 et
536 3031 561 3098 4.

219 3100 264 3168 ιο)
283 3101 396 3152 Diodor.
418 3117 459 3167 17,
476 3099 501 3166 4.

221 3169 266 3238 11)
286 3169 378 3219 lustin.
401 3187 441 3222 ιι,
464 3187 489 3234 2,
508 3166 534 3235 4.
553 3167 659 3220 Arrian.
678 3173 702 3234 1,
722 3171 745 3232 1,
762 3170 788 3222 2.

219 3255 245 3288 ια
277 3238 389 3290 Pausan.
410 3237 460 3288 lib.
475 3255 501 3288 n.

219 3309 246 3357 13
277 3306 414 3358 Plutarch.
442 3323 465 3360 c.
494 3319 538 3356 nn.
564 3309 590 3354 et
613 3302 648 3354 ad
668 3316 708 3372 pr.
736 3301 837 3354 indoct.
861 3316 885 3352 c.
908 3315 933 3366 7.
963 3299 1015 3352 Dio
1032 3307 1101 3356 orat.
1123 3297 1150 3364 4.

154 3374 257 3426 Seneca
276 3373 309 3426 de
327 3373 441 3430 benefic.
460 3381 486 3438 5,
502 3373 518 3440 4
535 3379 561 3422 et
576 3373 602 3426 6.
618 3372 696 3438 Diog.
716 3373 806 3436 Laert.
832 3371 858 3420 in
879 3366 1009 3436 Diogene.
1033 3369 1149 3420 luvenal.

155 3439 191 3506 14,
209 3445 270 3508 309.
288 3441 392 3495 Arria'n
413 3459 438 3509 7,
461 3460 479 3507 t,
490 3443 516 3494 6.
535 3441 594 3492 Val.
613 3442 682 3491 Max.
701 3436 727 3504 4,
744 3452 770 3504 3,
788 3439 807 3489 l.
