2636 3860
180 341 214 392 m
465 315 467 320 ’
541 332 804 388 t.rastusuen111
898 401 909 413 ¹

182 484 230 556 ¹⁵)
250 481 291 544 de
305 482 403 553 rebus
417 483 557 546 Persicis
575 485 800 568 interrogabat
821 481 896 542 nihil
913 483 1041 567 quidem
1054 483 1182 566 puerile

177 575 213 625 et
234 565 415 640 sordidum,
435 565 492 626 sed
514 565 628 650 quibus
650 567 782 628 maxime
804 565 1009 626 firmamentis
1030 586 1108 646 opes
1129 585 1181 626 re-

177 644 249 724 giae
280 644 480 708 niterentur?
509 647 579 730 quie
606 668 766 709 annuorum
795 664 888 720 usus,
934 665 1016 726 quae
1052 645 1182 707 audacia

178 725 267 800 viris,
287 737 404 804 quanta
432 726 522 810 equis
542 727 710 806 pernicitas
737 722 850 786 esset?
877 737 957 808 quot
985 724 1110 786 dierum
1133 726 1182 788 iti·

177 825 257 865 nere
277 805 462 867 Macedonia
486 807 618 868 distaret
640 805 743 868 Susis?
763 825 846 889 quae
868 805 939 888 regi
961 827 1086 866 morum
1110 807 1182 884 via,

178 905 326 969 quaeque
350 887 542 952 exercitatio
558 889 714 969 corporis,
735 899 766 950 at
789 907 830 946 ue
852 885 960 968 opinio
984 885 1109 946 virtutis
1131 887 1182 948 fo·

171 964 254 1026 ret?
289 967 422 1042 Postea,
450 988 524 1028 cum
549 966 742 1048 deprecante
767 909 871 1027 batre
899 966 1074 1026 Memnonis
1095 969 1181 1029 Men·

174 1057 268 1122 tore,
290 1047 379 1114 ouius
400 1067 558 1112 sororem·
572 1047 603 1107 in
624 1047 824 1115 matrimonio
844 1045 1020 1108 Artabazus
1044 1045 1182 1108 habebat

181 1123 245 1204 ¹⁶),
267 1146 340 1186 cum
361 1125 521 1187 exsulibus
541 1128 572 1188 in
593 1128 726 1210 gratiam
745 1126 893 1195 rediisset
914 1126 1035 1202 Ochus,
1061 1147 1181 1211 eosque

179 1221 197 1265 a
224 1205 374 1288 Philippo
402 1227 439 1268 re
463 1219 585 1286 eteret3
627 1208 807 1268 Alexander
837 1207 959 1289 legatos
988 1207 1119 1268 eximiae
1149 1209 1181 1270 in
1207 1211 1217 1218 ‘

176 1285 298 1347 tantilla
317 1299 421 1348 aetate
440 1228 555 1348 indolis
575 1287 788 1362 admiratione
809 1287 852 1348 ita
870 1287 1019 1370 perculit,
1043 1300 1079 1348 ut
1099 1310 1181 1350 unus

169 1387 291 1428 eorum
318 1367 351 1439 ln'
379 1367 459 1430 baec
486 1367 584 1430 verba
612 1379 858 1450 prorumperet,
893 1367 954 1430 Hic
981 1363 1025 1440 ¹7)
1050 1369 1182 1450 quidem

176 1467 261 1528 puer
274 1469 405 1530 magnus
425 1461 475 1510 est
495 1467 562 1525 rex3
583 1461 695 1511 noster
711 1469 801 1524 vero,
826 1449 925 1512 dives.
960 1451 1049 1510 Haec
1074 1461 1181 1510 autem

176 1546 249 1587 cum
276 1529 391 1590 merito
421 1529 551 1622 quidem
579 1541 711 1591 naturae
747 1549 822 1592 suae
850 1528 970 1590 debere
989 1527 1181 1605 ¹rideretur,

175 1605 261 1668 baud
286 1609 387 1672 minus
415 1609 604 1687 institutioni
633 1609 753 1670 debuit.
795 1611 874 1670 Nam
900 1606 944 1688 ¹⁸)
969 1622 1077 1692 pater,
1107 1611 1181 1672 satis

177 1707 308 1766 gnarus,
336 1702 488 1772 quantum
512 1693 539 1750 E
565 1689 750 1752 aminondae
778 1692 1005 1752 commercium
1025 1689 1086 1768 sibi
1106 1711 1181 1772 pro-

175 1765 301 1843 fuisset,
323 1783 507 1854 quantoque
526 1712 618 1852 pinna
634 1770 826 1854 eloquentia,
847 1791 941 1854 quam
960 1771 1000 1844 vi,
1026 1770 1182 1832 confecis-

176 1857 235 1919 set,
258 1867 378 1910 summa
399 1870 476 1916 euru
496 1852 702 1925 incubuerat,
724 1864 759 1912 ut
778 1874 797 1912 e
817 1863 928 1911 tenera
953 1852 1057 1912 statim
1078 1863 1181 1926 aetate

176 1927 356 1988 liberalium
370 1931 485 2004 artium
506 1933 615 1992 studiis
637 1933 741 2024 probe
765 1930 971 1992 imbueretur.
1012 1933 1114 2014 Igitur
1135 1925 1180 1994 ³9l

169 2007 401 2084 -Aristotclem,
433 2012 539 2094 magni
565 2012 697 2076 nommis
724 2009 966 2092 philosophum,
1003 2013 1182 2096 ingentibus

174 2087 324 2168 praemiis
349 2103 517 2153 evocatum
563 2091 698 2173 erpulit,
719 2102 755 2153 ut
777 2092 870 2152 etiam
891 2093 992 2173 prime
1013 2094 1182 2155 literarum

177 2167 335 2229 elementa
361 2191 463 2266 puero
485 2113 637 2234 traderet.
678 2175 746 2232 Nee
767 2171 876 2242 abnuit
895 2173 946 2234 nir
970 2175 1182 2246 doctissimus,

177 2267 251 2308 cum
272 2248 474 2332 intelligeret,
504 2265 654 2336 quantum
681 2263 815 2328 asceta
835 2253 990 2348 principio
1016 2265 1107 2314 recte
1137 2256 1182 2314 in-

167 2328 259 2388 strui
295 2332 402 2392 multis
429 2333 677 2416 imperaturum
710 2332 896 2414 frustraque
933 2334 1092 2394 contemni
1119 2357 1181 2416 pro

124 2472 126 2476 f
203 2409 304 2487 arvis,
340 2413 406 2476 tine
440 2413 557 2498 quibus
588 2415 627 2474 ad
656 2413 775 2477 maiora
798 2412 968 2506 proiectus
995 2435 1056 2485 ¹aron
1086 2427 1180 2474 esset.

177 2430 283 2554 basiis
305 2490 350 2572 2⁰)
372 2493 487 2568 deinde
508 2495 680 2580 satagimus,
707 2507 744 2561 ut
766 2494 844 2569 alius
873 2493 930 2552 alia
953 2506 1020 2554 arte
1046 2495 1182 2555 excelle·

177 2569 243 2664 bat,
264 2593 349 2648 usus,
371 2597 433 2647 non
450 2575 550 2652 modo
571 2590 705 2646 mentem
720 2573 857 2656 egregiis
877 2573 1022 2655 implevit
1043 2575 1182 2658 discipli-

178 2669 236 2725 tus3
261 2665 384 2716 'terum
415 2657 510 2724 etiam
537 2678 654 2740 corpus
679 2655 779 2716 omnis
802 2657 928 2734 generis
951 2655 1182 2716 exercitationi-

180 2729 241 2790 bus
266 2731 306 2792 ad
326 2753 419 2798 usum
441 2736 601 2806 bellorum
623 2747 656 2796 ct
676 2733 860 2821 patientiam
882 2735 1006 2816 loboris
1027 2737 1180 2801 edomuit:

178 3007 179 3014 ,
248 2959 296 3091 ιὸξ
316 2961 453 3016 Plutarch.
472 2979 496 3013 e.
515 2977 539 3027 7.

137 3037 150 3056 '¹
249 3029 280 3080 16
309 3029 421 3102 Diodor.
445 3030 486 3092 16,
504 3031 545 3082 53.

247 3113 275 3164 ¹7
308 3100 376 3148 Plut.
397 3099 431 3150 dc
450 3099 512 3150 sort.
531 3095 606 3148 Alex.
625 3111 650 3163 r,
666 3095 708 3164 alp.

248 3171 279 3222 18
310 3167 545 3232 Dindnr.16,96.
967 3181 971 3188 ·
1152 3179 1155 3186 ·

183 3299 199 3350 d
250 3250 283 3316 ip
311 3236 469 3316 Qninttbt,
493 3241 516 3300 t,
531 3249 576 3317 ⁸ao.
594 3235 746 3303 Hieronym.
766 3237 799 3288 ad
824 3238 943 3290 Laetam.
959 3233 1061 3288 Erasm.
1074 3233 1131 3286 alth.
1155 3248 1180 3290 z.

201 3318 215 3351 e
233 3305 678 3440 ridi,'liciiblpcddbdiuiirdrenum.
690 3372 824 3424 Plutarch.
843 3391 867 3422 c.
885 3385 925 3438 7⁰·
937 3349 1093 3430 Athenaeud
1106 3388 1128 3434 t,
1141 3371 1181 3433 15,

183 3446 208 3486 rt
232 3453 269 3487 ro.
292 3440 339 3486 ltin
358 3449 422 3488 crat.
445 3455 468 3487 a.
489 3440 582 3490 Suidas
601 3459 622 3487 v.
651 3437 793 3510 ι’ίργησια,
