2636 3860
458 347 595 389 uoniam
618 345 800 389 ascanium
1037 329 1138 391 xttx

139 491 278 568 videtur,
290 489 473 555 Florentino.
496 491 556 551 Est
569 483 651 548 enim
664 481 761 563 idem,
781 506 878 569 quem
890 486 1040 552 Heinsius
1061 501 1141 554 truc·

140 595 231 668 tavit,
254 613 327 654 cum
347 617 412 660 uno
438 607 595 656 enovem
626 586 728 649 Curtii
760 586 862 649 Codd.
882 587 1036 653 Biblioth.
1059 591 1141 652 Lau·

139 697 313 775 sentimas,
334 697 524 760 collatorum
544 703 648 775 nuper
671 679 704 750 in
725 672 866 772 Zumlitii
886 707 979 772 usus}
1012 695 1044 756 ln
1072 699 1142 779 qui.

139 798 199 861 bus
224 810 357 880 praeter
371 799 467 874 hunc,
490 795 562 880 (qui
583 794 614 856 in
634 792 747 876 ¹pluteo
770 791 809 866 64
830 809 964 860 numero
985 800 1025 862 35
1049 814 1140 864 nota.

140 911 238 976 tatur,
260 882 362 982 seculi
380 895 566 977 undecimi)
594 913 676 958 unus
700 893 791 974 alter,
811 890 937 980 nudus
960 901 1138 987 insignitus,

139 1001 171 1062 in
191 1021 256 1062 non
274 999 473 1085 interpolatis
501 998 667 1083 ponendus
694 1009 753 1064 est.
795 1000 885 1059 Haec
912 999 1012 1082 lgltur
1031 1006 1141 1068 'altera

142 1115 175 1166 et
198 1103 306 1188 potior
325 1099 442 1164 familia
464 1103 611 1164 codicum
625 1100 849 1164 Curtlanorum
872 1108 928 1164 est.
949 1106 983 1166 ln·
1004 1122 1139 1172 numero
1189 1135 1196 1143 ·

141 1205 410 1288 interpolatorum
443 1214 505 1265 tres
526 1207 665 1267 Palatini
685 1215 775 1282 sunt,
811 1227 950 1290 quorum
969 1209 1045 1274 leet.
1069 1231 1136 1276 var.
1200 1269 1204 1286 ,

140 1307 286 1371 Freinsh.
309 1305 439 1392 editioni
459 1325 535 1369 suae
557 1307 692 1368 subiecit
699 1327 708 1384 3
729 1329 799 1365 unus
819 1303 954 1379 Pitdoet',
976 1312 1064 1372 cuius
1086 1331 1140 1372 ex·

140 1419 252 1492 cerpta
271 1408 389 1470 ibidem
410 1419 551 1485 exstant3
594 1410 752 1491 Vossianus
771 1409 927 1480 secundas,
948 1432 1044 1494 quem
1065 1411 1140 1474 Sua-

140 1511 294 1595 ltenborg.
316 1523 465 1573 accurate
486 1509 631 1588 contulit3
653 1511 896 1582 Theocrenianas,
923 1514 1012 1594 cuius
1033 1516 1141 1577 variae

141 1615 241 1695 lectt,
263 1635 341 1698 quas
357 1634 397 1679 ne
411 1613 669 1696 Snaltenborgius
684 1611 812 1697 quidem
829 1613 976 1697 habebat,
996 1619 1028 1679 in
1041 1641 1141 1703 marg.

140 1719 230 1785 editt.
253 1717 652 1804 Gryphianaiumlnotatae
674 1726 761 1792 sunt3
797 1717 862 1779 duc
889 1721 963 1787 Mss.
993 1723 1139 1784 Onanien·

138 1833 194 1892 ses,
216 1822 296 1883 alter
317 1822 389 1886 Call.
411 1820 498 1902 Carp.
521 1820 651 1897 Christi,
672 1819 754 1880 alter
775 1821 970 1895 Bodleianus,
999 1847 1138 1910 quorum

140 1927 262 1990 valiant
283 1924 443 2007 scriptura
464 1917 615 2006 exceqita
637 1935 686 1986 est
705 1921 737 1983 in
752 1923 853 1985 Musei
878 1924 983 1991 Oxou.
1006 1927 1141 1988 literatii

141 2039 333 2110 conspectu,
365 2026 469 2089 Oxou.
495 2037 642 2112 1792.-ss;
670 2025 722 2088 alii
752 2027 891 2111 denique
913 2031 1015 2108 multi,
1037 2031 1137 2091 veluti

142 2131 257 2217 quibus
278 2132 426 2194 Raderus
447 2151 482 2192 se
506 2151 599 2191 usum
620 2129 742 2207 scribit,
767 2131 822 2214 qui
845 2131 883 2193 ab
910 2132 1004 2194 editis
1025 2153 1138 2217 parum

42 2255 45 2263 s
141 2233 308 2296 discedere
329 2234 489 2297 videntur.

219 2335 367 2418 Quorum
385 2334 525 2396 omnium
547 2321 648 2393 Curtii
666 2333 818 2394 Codicum
840 2355 912 2394 cum
936 2355 1005 2395 eam
1018 2344 1139 2394 tantum

140 2433 284 2496 notitiam
312 2435 534 2506 habuerimus,
562 2457 699 2514 quorum
719 2435 905 2494 collationes
934 2436 964 2494 in
988 2447 1141 2516 apparatu

140 2534 288 2597 editionis
301 2530 832 2615 Freinshemio-Snaltenbocgianae
848 2545 980 2610 exstant,
1000 2545 1137 2615 excepto

142 2631 263 2693 Codice
290 2633 413 2699 Bened.
452 2632 652 2714 Theocrcni,
691 2635 804 2696 ordine
841 2655 893 2696 eas
927 2634 1142 2720 alphabetico,

142 2736 316 2818 appositis,
350 2738 465 2824 quibus
486 2738 519 2799 in
541 2735 579 2797 iis
611 2737 806 2800 adducendis
828 2738 1014 2820 utebamur,
1044 2739 1140 2818 notis,

142 2840 356 2922 disponamus.

140 2947 178 3004 B.
199 2953 232 3004 ct
252 2947 355 3028 Bong.
382 2963 407 3006 1.
429 2963 458 3008 a.
480 2935 518 2994 -’
539 2931 707 3028 Bongansii
728 2944 849 3028 primus
871 2957 904 3010 ct
924 2943 1092 3014 sccundus.

142 3045 189 3109 Cl.
211 3079 252 3090 -
274 3044 354 3106 Cod.
377 3043 499 3105 Claudii
519 3046 662 3106 Puteani.

142 3147 183 3206 Ι).
204 3181 244 3194 -
268 3146 348 3212 Cod.
370 3147 462 3207 Petri
482 3145 634 3212 Danielis.

143 3248 181 3308 F.
204 3283 245 3296 -
266 3250 346 3311 Cod.
368 3247 533 3312 Faucheti.

144 3349 232 3415 Flor.
254 3387 295 3399 -
316 3351 397 3413 cod.
422 3349 635 3428 Florentium,
657 3369 752 3445 quem
774 3348 922 3416 Heinsius
942 3346 1088 3410 excussit.
