2660 3864
209 344 243 396 so
349 304 413 388 J
580 338 602 388 1.
618 334 839 388 rmmsmnu

159 493 296 569 spato:
322 482 391 544 eins
409 485 510 547 miror
530 484 709 548 nativitati
730 445 841 553 nosl‘ae
871 499 984 546 coram
1003 482 1097 548 vobit
1118 483 1206 548 obie-

204 563 296 640 cisse,
317 583 402 646 quae
422 565 449 626 si
471 564 601 626 crimina
626 575 718 642 sunt,
744 585 808 626 non
827 563 928 646 magis
948 559 1207 642 Atheniensibus,

204 663 299 728 quam
313 641 484 722 Thebanis,
496 644 697 708 defendenda
712 664 793 721 esse,
806 643 838 703 in
853 641 1003 707 confesso
1019 657 1079 707 est.
1098 645 1207 726 Popu·
1315 675 1316 682 κ

203 723 277 786 laris
299 723 382 786 enim
402 736 501 786 status
521 723 720 788 incommoda
741 724 917 818 exagitant:
939 741 1022 817 quae
1045 724 1123 788 lieet
1142 746 1205 787 non
1314 775 1316 786 Α

203 805 387 888 ignoremus
421 805 572 889 utrique,
609 815 716 866 tamen
747 824 840 887 regro
878 804 1053 866 dominatui
1089 804 1206 866 merito

202 883 426 967 praeferimus.
469 887 570 969 Atqui
595 885 642 946 illi
672 883 717 946 sic
745 885 845 947 locuti
872 895 966 950 sunt,
997 893 1149 970 tanquam
1172 884 1205 946 in

204 964 331 1025 circulis
363 977 397 1026 et
423 966 577 1029 conviviis
611 964 820 1028 Macedonum
857 962 1038 1026 adulatione
1074 965 1208 1050 gratiam

203 1057 411 1127 quaererent3
432 1067 496 1108 non
517 1046 601 1127 apud
623 1045 757 1106 liberam
790 1044 953 1114 civitatem
982 1041 1093 1110 officio
1121 1047 1208 1129 lega·

203 1135 311 1184 torum
331 1123 555 1207 fungerentur.
596 1124 719 1186 Scimus
742 1124 871 1207 quidem
891 1144 928 1184 re
953 1145 1006 1184 um
1026 1126 1207 1208 regiorum·
1318 1175 1319 1178 ,

204 1224 268 1286 que
296 1205 526 1288 mancipiorum
558 1205 712 1267 adversus
743 1217 854 1287 gentes
889 1144 1052 1298 urhesque
1087 1205 1207 1266 liberas

203 1284 378 1365 pertinacia
400 1285 474 1360 odia
481 1307 491 1364 ;
514 1299 548 1348 et
572 1285 760 1379 simpliciter
781 1283 932 1346 fecerunt
953 1283 1014 1359 ists,
1039 1284 1095 1368 qui
1118 1285 1208 1348 dete·
1251 1342 1254 1348 .

200 1376 298 1460 ¹punt:
320 1365 378 1426 sed
391 1368 545 1449 eomagis
568 1363 773 1426 annitendum
793 1365 887 1430 nobis
908 1374 975 1440 est,
998 1363 1152 1442 Thebani,
1173 1377 1210 1432 ut

205 1467 276 1506 rura
296 1445 452 1530 legesque
473 1459 598 1510 nostras
620 1455 779 1509 tueamur.
808 1448 851 1506 Et
872 1442 1047 1526 optandum
1066 1443 1209 1527 inprimis

205 1537 300 1600 esset,
323 1538 359 1584 ut
380 1527 437 1610 qui
456 1527 688 1610 rempublicam
710 1525 900 1608 attigerunt,
933 1524 971 1585 iis
990 1545 1089 1586 unum
1110 1525 1210 1588 idem·
1320 1539 1321 1590 ἰ

205 1626 269 1688 que
289 1605 542 1686 pulcherrimum
564 1617 728 1668 certamen
748 1603 848 1683 foret,
874 1604 1003 1688 quinam
1022 1605 1144 1667 rectius
1166 1606 1208 1668 ci-

203 1686 294 1748 vitati
314 1705 390 1748 suae
421 1687 646 1763 consulerent,
680 1697 735 1746 aut
762 1685 906 1748 consulta
934 1697 1207 1769 exsequerentur:

203 1781 297 1826 nemo
319 1766 497 1828 communia
518 1765 686 1830 commoda
706 1763 916 1860 posthaberet
938 1764 1091 1846 privatis3
1114 1787 1207 1830 nemo

204 1846 366 1938 acciperet
390 1867 541 1926 munera3
581 1866 676 1907 nemo
711 1857 847 1908 rstorum
884 1846 1035 1926 exemplo
1066 1845 1207 1928 patriam

204 1925 355 2018 Phihppo
383 1921 549 2008 proderet.
591 1928 732 2003 Verum,
766 1924 928 2002 Thebani,
958 1925 1038 1986 nulli
1069 1947 1208 2023 unquam

202 2026 268 2067 non
289 2006 408 2068 crvitati
428 2007 525 2068 modo
550 2006 723 2068 sedetiam
749 2004 871 2068 homini
901 2004 1027 2086 integra
1047 2006 1208 2088 perlecta·

205 2104 268 2167 que
283 2082 421 2148 felicitas
440 2086 571 2169 obtigit:
588 2085 788 2148 beatissimus
802 2083 953 2163 habetur,
970 2085 1060 2146 cuius
1075 2086 1207 2148 fortuna
1282 2148 1288 2152 .

203 2163 355 2226 minirum
376 2187 416 2228 ex
437 2165 571 2228 adverso
592 2164 699 2230 trahit.
739 2165 841 2226 Malos
869 2177 976 2227 antem
1008 2166 1099 2228 nobis
1121 2167 1207 2229 cives

139 2257 180 2353 p
205 2264 294 2322 esse,
321 2247 478 2308 neminem
507 2246 606 2330 fugit:
633 2267 674 2306 ne
705 2266 763 2308 vos
795 2243 927 2329 quidem
957 2245 1122 2318 caruistis,
1156 2259 1211 2307 aut
1322 2261 1324 2270 ’

206 2323 333 2402 caretis,
353 2325 512 2388 Thebani:
545 2348 616 2388 nam
640 2327 707 2386 sinc
728 2345 768 2388 eo
790 2337 884 2402 esset,
905 2345 969 2386 non
992 2326 1050 2387 iam
1073 2327 1205 2392 Elateae

202 2403 371 2487 Philippus
384 2405 524 2468 libertati
533 2417 661 2469 nostrae
672 2406 781 2489 plagas
800 2405 958 2484 tenderet,
970 2406 1029 2468 sed
1046 2405 1087 2468 de
1108 2427 1209 2489 regno

202 2485 406 2556 Macedoniae
435 2485 602 2548 nobiscum
630 2486 822 2548 decertaret.
863 2485 1025 2548 Habemus
1046 2499 1151 2549 tamen
1176 2499 1208 2550 et

203 2561 324 2645 honos3
347 2587 468 2651 eosque
488 2567 599 2650 plures
620 2567 709 2630 malis
731 2579 765 2629 et
788 2566 945 2661 potiores.
974 2567 1208 2649 Argumentum

106 2661 110 2668 ·
202 2641 339 2726 poscis?
358 2647 453 2708 liberi
476 2667 610 2715 sumus:
624 2669 688 2708 non
712 2667 868 2709 servimus
889 2645 1042 2728 Philippo
1068 2647 1107 2729 ¹),
1129 2649 1209 2710 sicut

202 2735 250 2802 tu,
271 2726 297 2784 P
319 2725 416 2804 thon,
436 2730 606 2808 Byzantios
628 2740 701 2790 tuos
723 2727 845 2788 servire
869 2725 1012 2807 voluisti:
1033 2740 1070 2790 tu
1089 2741 1207 2802 autem,

203 2747 348 2885 Decede,
366 2818 400 2867 ct
419 2818 466 2884 tu,
488 2808 700 2882 Thrasidaee,
727 2805 897 2868 Thessalos
918 2807 990 2888 regi
1011 2807 1207 2870 vendidistis.

203 2883 398 2948 Thessaliam
418 2888 502 2950 enim
522 2889 677 2952 servitute
693 2886 834 2981 Philippi
856 2887 961 2968 premi
982 2887 1107 2964 videtis,
1124 2887 1208 2950 'rhe-

202 2963 292 3038 bani,
321 2977 356 3027 et
375 2966 435 3030 nisi
455 2967 569 3047 fallor,
598 2969 684 3038 iuxta
710 2967 879 3045 nobiscum
900 2966 1121 3062 ingemiscitis:
1144 2969 1206 3043 By·

203 3045 344 3110 nantium
365 3043 409 3129 ²),
428 3062 581 3134 quantum
601 3049 633 3110 in
662 3048 808 3130 Pythone
839 3044 919 3122 fuit,
944 3046 1030 3109 :dem
1056 3044 1207 3106 manebat

272 3358 298 3430 ι)
317 3353 452 3411 Plutarch.
470 3371 495 3407 c.
515 3352 555 3419 ai·
1190 3409 1198 3435 Ι

268 3436 297 3504 2)
315 3429 452 3497 Demosth.
471 3430 506 3482 de
523 3443 624 3480 corona
643 3446 670 3498 p.
687 3430 737 3484 rsa
751 3445 791 3495 sq.
809 3429 839 3478 R.
858 3415 980 3496 Ολύμπ.
1005 3416 1206 3501 Ἀναγραφῃ,
