2636 3860
195 369 228 424 η
550 359 571 447 l.
605 349 832 412 rotmannum.

192 503 284 578 litus,
312 498 407 560 etiam
433 513 505 555 cum
537 493 737 578 quiesceret,
769 514 832 556 una
858 513 932 556 cum
959 491 1101 577 pugione
1130 493 1190 578 sub

193 579 343 643 cervicali
368 574 561 659 reponebat3
586 575 719 637 militiae
746 595 821 636 suae
841 574 991 640 viaticum
1012 587 1045 635 et
1066 576 1190 636 institu-

191 663 312 722 tionem
332 657 467 719 bellicae
488 655 612 716 virtutis
634 657 806 738 appellans.
847 655 1004 717 Achillem
1026 655 1190 736 praediea·

192 741 247 802 bat
279 739 425 812 felicem,
461 735 549 818 quod
580 747 700 796 tantum
731 736 854 798 virtutis
891 756 965 797 suae
997 755 1190 816 praeconem

191 820 372 884 invenisset
413 818 558 896 Reperto
587 816 672 876 inter
691 817 916 878 Damascenam
948 815 1099 898 praedam
1127 839 1190 876 ma-

190 901 291 962 teriae
313 917 475 982 curaeque
497 896 754 977 exquisitissimae
776 897 910 973 scrinio,
934 909 971 967 ct
991 896 1190 981 disquirenti-

192 981 253 1042 bus
275 981 396 1054 amicis,
412 977 534 1038 cuinam
556 974 586 1056 ²)
611 977 682 1036 usui
703 977 995 1038 convenientissime
1017 977 1190 1038 destinare·

191 1059 268 1122 tur?
296 1061 383 1141 ipse,
402 1060 565 1132 Homero,
586 1055 705 1139 inquit,
727 1055 953 1132 dedicabimus,
973 1069 1010 1116 ut
1029 1057 1190 1137 pretiosis-

191 1141 304 1201 simum
331 1138 458 1200 humani
482 1136 598 1218 ingenii
621 1149 859 1197 monumentum
880 1138 929 1198 ele
953 1136 1110 1197 antissirno
1133 1137 1190 1198 eti·

191 1243 242 1282 am
262 1239 363 1301 opere
384 1228 543 1278 servetur.
585 1215 662 1277 Inde
684 1216 836 1296 obtinuit,
865 1228 902 1277 ut
924 1157 954 1298 34
977 1217 1189 1276 emendatissi-

190 1321 242 1362 ma
274 1303 391 1382 politae
419 1296 536 1372 editio,
569 1317 662 1380 quam
690 1317 803 1379 magna
840 1317 916 1360 cura
949 1307 1190 1378 comparaverat

193 1379 389 1454 Alexander,
425 1399 443 1438 e
471 1375 634 1438 narthecio
662 1389 869 1440 vocareturzs
890 1379 1008 1462 quippe
1041 1377 1189 1437 scrinium

191 1461 288 1537 illud,
310 1480 383 1521 cum
403 1457 507 1518 adhuc
530 1455 701 1517 Persarum
724 1471 818 1532 esset,
838 1458 1005 1541 unguentis
1030 1469 1063 1516 et
1083 1457 1188 1518 odori·

193 1540 253 1600 bus
281 1537 478 1600 asservandis
506 1538 691 1598 serviverat.
740 1539 878 1620 Quidam
906 1557 1062 1620 prospere
1083 1549 1189 1619 gestae

191 1621 388 1681 rei'nuntius
411 1639 507 1702 quum
536 1617 632 1679 citato
657 1637 751 1678 cursu
772 1619 810 1679 ad
833 1641 906 1680 eum
926 1618 1088 1697 ferretur,
1116 1617 1189 1677 dex-

195 1713 341 1783 tramque
374 1697 576 1781 porrigeret,
611 1697 704 1758 vultu
738 1700 890 1760 maximae
928 1699 1067 1759 laetitiae
1101 1709 1189 1758 notas

213 1782 414 1855 raeferente,
443 1776 528 1864 Quid
555 1775 632 1838 mihi
662 1782 860 1840 nuntiaturus
889 1801 923 1840 es
957 1789 1044 1840 tanto
1075 1778 1190 1860 gaudio

190 1801 335 1944 dignum,
356 1851 467 1942 iniquit,
487 1857 546 1917 nisi
567 1857 674 1918 forsan
696 1861 854 1920 Homerus
875 1857 1004 1920 revixit!
1038 1856 1103 1916 Sed
1123 1869 1190 1917 tum

191 1959 232 1999 eo
258 1940 321 2000 iam
342 1938 503 1998 felicitatis
522 1951 725 2018 pervenerat,
748 1951 786 2000 ut
804 1937 1039 2020 propemodum
1060 1938 1190 1996 exsatia-

192 2029 242 2078 tac
265 2019 385 2100 gloriae
406 2017 483 2078 nihil
505 2018 617 2078 deesse
637 2030 775 2100 putaret,
795 2029 925 2100 praeter
945 2017 1095 2078 idoneum
1114 2016 1190 2075 bue-

199 2097 382 2158 cinatorem.
425 2097 546 2160 Crebra
567 2097 580 2136 ‘⁸
620 2111 725 2158 autem
751 2098 887 2158 lectione
908 2107 1012 2158 totum
1032 2095 1104 2156 fere
1126 2096 1190 2156 edi-

191 2176 278 2254 dicit,
302 2189 336 2238 ut
356 2197 449 2240 nemo
467 2198 570 2262 neque
609 2179 740 2240 romtius
763 2199 802 2240 eo
818 2177 1067 2260 familiariusque
1082 2188 1190 2236 utere-

193 2269 258 2335 tur,
278 2279 382 2342 neque
412 2199 613 2319 exactiusdb
642 2278 680 2317 eo
698 2257 866 2334 iudicaret.
909 2259 959 2317 Ex
988 2257 1016 2338 ⁵)
1046 2257 1190 2318 omnibus

193 2349 301 2399 autem
324 2339 390 2398 eins
413 2339 602 2400 carminibus
629 2338 764 2398 maxime
785 2338 944 2420 probabat
964 2357 1104 2416 versum,
1126 2359 1190 2421 quo

191 2417 269 2478 boni
288 2419 381 2479 simul
405 2418 606 2500 imperatoris
626 2417 816 2502 robustique
843 2419 949 2480 militis
976 2418 1190 2500 laudes-Aga-

191 2499 352 2558 memnoni
386 2499 590 2575 tribuuntur'3
640 2519 778 2584 eumque
815 2500 1023 2582 praecipuum
1061 2498 1189 2558 virtutis

193 2579 429 2639 incitamentum
450 2592 483 2640 et
503 2579 603 2641 veluti
624 2599 749 2640 morum
770 2601 902 2642 suorum
928 2579 1115 2660 magistrum
1136 2577 1189 2637 ba·

193 2657 271 2718 buit
293 2659 352 2719 His
378 2660 485 2742 itaque
506 2659 678 2740 disciplinis
698 2660 851 2736 imbutus,
880 2679 1019 2720 summae
1039 2658 1189 2720 fortunae

193 2738 256 2800 vim
284 2751 380 2822 atque
410 2739 594 2821 dignitatem
621 2739 751 2822 egregie
780 2751 901 2800 tutatus
937 2752 1002 2801 est:
1039 2737 1190 2818 superbia

196 2829 229 2878 et
248 2819 383 2895 lieentia,
401 2841 462 2902 qua
484 2819 612 2902 quidem
633 2819 700 2876 sola
720 2818 881 2900 principes
903 2831 1009 2903 agunt,
1031 2815 1188 2879 abstinuit.

194 2900 292 2962 Cultu
310 2897 341 2980 ⁶)
364 2920 505 2981 curaque
528 2897 671 2979 eorporis
693 2896 778 2958 haud
798 2899 933 2960 multum
953 2917 1051 2980 supra
1070 2896 1186 2978 privati
1218 2945 1220 2952 .

306 3212 375 3260 Plus.
392 3227 414 3261 c.
437 3207 480 3274 44.

308 3279 403 3327 Strabo
423 3279 470 3327 lib.
492 3278 531 3330 13.
548 3277 686 3330 Plutarch.
704 3296 728 3332 e.
750 3279 789 3333 13.
806 3279 873 3332 Plin.
893 3293 919 3346 7,
936 3292 979 3346 29·

311 3347 419 3394 Luciani
440 3345 511 3396 diall.
531 3357 623 3398 mortt.

308 3415 376 3464 Plnt.
398 3413 431 3463 de
449 3413 517 3483 fort,
533 3418 607 3468 Alex.
629 3433 652 3482 t,
672 3416 711 3468 13.
731 3415 839 3467 Homer.
856 3411 933 3465 lliud.
952 3413 987 3478 3,
1014 3423 1071 3478 ²79·

309 3481 382 3532 Cutt.
404 3481 430 3543 ³,
447 3482 475 3548 6,
499 3499 538 3550 ¹9·

1229 3130 1245 3168 t
