2636 3860
461 370 598 416 aortrta
617 365 807 413 airusau-
1064 351 1134 422 1111

146 511 275 572 nimium
294 522 446 594 quamm
472 510 632 577 dissident.
674 513 817 572 Pithoeus
848 523 881 572 et
916 512 979 576 iac.
1003 512 1136 588 Boupor-

146 623 206 674 sius
226 617 394 677 Caesarem
414 612 621 679 Octavianum
648 607 826 698 Augustum
844 611 1041 694 intelligunt,
1067 618 1135 699 qui·

146 719 206 780 hus
228 714 387 786 duumviri
412 735 517 799 nuper
544 719 718 783 doctissimi
748 720 784 784 Α,
811 718 932 778 Hirtius
956 730 988 780 et
1008 721 1136 804 Thespi.

150 824 313 900 Zumptiua
334 820 399 886 suis
418 833 557 905 uterque
577 819 763 897 rationibus,
784 838 840 880 sua
862 831 999 904 nmrquc
1019 822 1136 908 ingenii

149 924 328 1008 sagacitate,
351 923 508 988 calculum
529 925 733 1004 adiecerunt,
753 935 845 985 antea
865 922 926 1004 jam
943 927 1139 992 consentiens

149 1041 182 1090 te
210 1029 334 1102 Georgio
363 1027 543 1088 Hermontho
581 1029 644 1106 ¹⁰),
665 1029 719 1111 qui
738 1027 809 1090 fere
831 1025 946 1090 eodem
967 1049 1032 1111 quo
1064 1032 1140 1094 Hir.

149 1123 212 1198 tius
235 1129 331 1191 modo
354 1151 423 1191 rem
447 1131 606 1214 explicuit.
647 1133 773 1211 Popme,
793 1129 971 1190 Matthaeus
990 1131 1135 1206 Ruricius,

144 1229 273 1290 Carolus
302 1232 442 1312 Spanius,
477 1235 569 1296 Iacob
603 1236 774 1294 Perizonius
815 1229 880 1314 ¹¹),
919 1246 953 1296 ei
988 1237 1054 1302 1011.
1086 1239 1140 1300 Na

151 1333 209 1400 eol.
247 1335 389 1396 Funeeius
434 1333 479 1410 12)
508 1337 586 1398 illud
620 1336 706 1396 sidus
735 1335 900 1398 Tiberium
944 1337 1044 1400 tuisse
1082 1361 1140 1421 pu-

145 1447 236 1514 tant,
258 1437 372 1520 quibus
394 1436 487 1499 etiam
509 1439 673 1500 literarum
701 1451 878 1502 nostrarum
904 1461 1060 1502 summum
1087 1443 1142 1504 de·

153 1560 209 1602 cus
236 1540 320 1600 Frid.
351 1541 424 1616 Aug.
457 1541 503 1600 W
500 1539 583 1620 olfim
608 1543 641 1602 in
670 1539 866 1622 praefatione
895 1539 935 1602 ad
966 1543 1142 1610 orationem

147 1661 216 1720 „pro
237 1643 390 1704 Marcello
413 1663 483 1726 pag.
508 1643 739 1712 xxxtttnota
767 1664 797 1707 x.
828 1642 984 1705 accedere
1003 1645 1145 1728 videtur,

156 1745 213 1827 qui
243 1745 387 1810 Curtium
411 1747 574 1812 historiam
602 1767 689 1808 suam
721 1744 881 1828 scripsisse
914 1749 965 1808 sut
994 1756 1144 1832 principie

158 1849 310 1912 Tiberiani
343 1856 460 1933 imperii
495 1862 645 1915 autumet.
694 1849 793 1910 iustus
825 1851 959 1930 Lipsius,
988 1852 1145 1917 Barnabas
1211 1871 1214 1888 ·

155 1951 331 2034 Bussenius,
362 1956 466 2017 Valens
491 1955 662 2025 Acidalius,
689 1951 781 2014 Met.
812 1954 950 2014 Tellierus
980 1952 1146 2026 Claudium

156 2054 311 2120 declarari
339 2059 556 2143 suspicantur,
581 2059 697 2144 quibus
725 2055 841 2120 nostris
869 2055 1068 2136 temporibus
1098 2077 1145 2120 es·

156 2170 325 2220 senserunt
347 2161 522 2223 Tirabosehi
542 2160 647 2224 Storia
670 2161 699 2222 d.
720 2161 789 2228 lett.
810 2162 877 2224 Ital.
897 2161 1020 2236 lt,1,4,
1037 2157 1146 2242 §.ir-

160 2275 210 2340 ιο,
230 2273 263 2322 et
281 2263 507 2328 Sanctaerueius
527 2263 558 2324 in
586 2265 873 2326 examine-histem.
905 2262 1078 2325 Alexandri
1105 2265 1147 2326 M.

156 2379 230 2442 pag.
256 2363 312 2429 104
331 2385 402 2450 sqq.
425 2367 499 2430 coll.
519 2340 592 2452 pag:
614 2353 684 2445 850,
705 2368 760 2452 qui
779 2367 881 2429 Curtii
909 2377 1044 2429 aetatem
1064 2365 1149 2432 ultra
1190 2363 1193 2369 ’

159 2465 295 2528 alterum
316 2491 333 2530 a
356 2468 483 2532 Christo
503 2469 748 2530 nato-seculum
774 2467 960 2548 promoveri
979 2482 1074 2544 posse
1094 2486 1148 2527 ne·

101 2623 105 2637 ,
160 2575 224 2642 gat.
246 2567 336 2626 Iuniis
357 2571 546 2640 liutgersius,
569 2569 651 2632 itt.
675 2569 807 2640 Vossius,
835 2572 901 2637 Ich.
918 2571 1011 2632 Hssnr·
1033 2569 1148 2632 Boeele·

161 2683 227 2740 rus,
249 2663 316 2730 lot.
337 2667 493 2740 Lacerius,
526 2668 553 2728 1.
569 2671 780 2732 Freinshemius
807 2685 840 2740 et
865 2675 1019 2754 Philippus
1048 2673 1151 2740 Caroli

169 2797 354 2812 mm

161 2899 235 2951 pem,
255 2883 397 2951 imperium
414 2887 611 2955 suscipientem,
634 2891 782 2956 comparari
798 2907 878 2960 posse
896 2909 957 2944 cum
975 2911 1045 2947 novo
1061 2896 1148 2951 sidere

162 2958 297 3018 surgente,
316 2954 359 3002 vel
382 2953 484 3006 Seneca
504 2957 602 3024 probat
630 2957 737 3007 Consol.
757 2957 790 3008 ad
813 2961 907 3026 Polyb.
926 2964 968 3018 31.
1003 2965 1037 3014 Et
1063 2969 1149 3018 multo

163 3020 244 3070 etiam
265 3021 359 3070 melius
377 3022 498 3090 publicas
518 3026 680 3076 calamitates
703 3027 800 3078 atrocis
818 3029 902 3078 noctis
921 3029 1033 3098 imagine
1062 3034 1149 3102 desig·

162 3087 239 3205 nvalri,
264 3087 466 3158 probatissimae
495 3093 643 3143 Latinitatis
665 3095 784 3162 exempla
802 3097 975 3166 permittunt;
999 3116 1023 3151 v.
1047 3102 1150 3154 Livium

227 3170 266 3208 1.

199 3171 257 3294 ’10)7
269 3226 297 3276 in
313 3242 396 3294 opere
416 3225 580 3297 chronolog.
596 3227 698 3283 laudat.
721 3230 749 3281 in
772 3225 845 3286 Edit.
869 3231 943 3294 Cart.
962 3233 1147 3306 Snakenborg.

163 3294 240 3359 prole
260 3309 313 3351 om.
329 3295 351 3359 Ι,
369 3292 391 3364 §.
411 3296 426 3348 5
444 3304 470 3346 et
487 3303 513 3354 7.
644 3309 647 3314 “

218 3379 245 3412 ιι
277 3363 306 3412 in
323 3363 416 3414 Curtio
433 3364 532 3420 vindic.
553 3381 581 3435 p.
600 3365 625 3418 3.

218 3443 246 3482 ta
279 3429 313 3484 de
330 3432 479 3484 imminenti
496 3431 553 3490 Lat.
572 3433 647 3501 Ling.
667 3396 803 3490 senectute
818 3455 845 3509 p·
862 3438 912 3496 512
929 3456 987 3510 sqq.
