2636 3860
381 371 495 422 SUPPL.
517 369 554 421 IN
577 369 609 436 Q.
629 363 788 470 CUli‘IleM
804 371 834 422 L.
852 372 873 422 1.
1094 377 1129 429 25

133 523 196 602 que
218 517 327 595 sociis3
346 518 378 580 in
391 519 567 580 Phocidem
586 517 701 600 raptim
722 520 818 581 ducto
844 518 966 602 agmine
981 514 1039 600 ¹⁴),
1054 519 1127 582 Ela-

133 611 226 672 team,
247 597 359 661 finibus
381 599 605 662 Thebanorum
633 600 725 659 simul
745 601 1051 684 Atheniensiumque
1071 600 1128 660 im·

134 680 321 756 minentem,
358 692 515 760 occupat,
543 677 756 762 impositoque
780 681 958 762 praesidio,
985 681 1074 742 velut
1094 679 1127 739 in

48 824 51 829 ,
133 759 210 820 belli
230 760 357 838 sedern,
379 760 530 840 operibus
551 759 661 823 munit.
704 761 781 822 Eius
809 763 857 822 rei
884 761 1010 821 nuntius
1029 770 1128 821 noctu

133 839 274 900 Athenas
304 842 446 921 perlatus
473 832 563 902 tenta'
588 839 803 920 trepidatione
833 840 949 902 urbem
972 840 1129 922 implevit,

133 931 178 987 nt,
203 939 275 980 eum
295 921 398 1002 primo
421 921 560 982 diluculo
580 915 719 1001 populus
733 922 765 981 in
780 922 967 983 concionem
980 920 1155 998 venisset*

136 999 288 1061 invitante
306 1022 345 1061 ex
364 1021 456 1062 more
477 1021 651 1097 praecone,
672 1001 727 1083 qui
747 1002 885 1063 salutare
908 1001 1029 1082 patriae
1053 1021 1128 1062 con-

134 1081 236 1140 silium
256 1080 407 1156 heberet,
438 1094 485 1142 uti
509 1082 648 1156 diceret,
678 1101 773 1143 nemo
800 1082 993 1142 surrexerit:
1026 1079 1128 1141 donec

132 1161 365 1223 Demosthenes
390 1162 455 1240 ¹⁵),
477 1163 685 1245 congruentia
705 1163 843 1243 tempori
864 1162 1034 1238 disserens,
1054 1181 1129 1243 per-

133 1241 239 1316 suasit,
260 1253 296 1302 ut
311 1261 335 1302 e
354 1243 488 1322 vestigio
518 1244 625 1304 classis
655 1254 688 1303 et
709 1244 867 1304 exercitus
889 1243 1129 1314 educerenturt

134 1333 167 1380 et
193 1321 290 1402 legati
316 1333 385 1384 tum
411 1323 451 1382 ad
479 1336 603 1384 ceteros
635 1321 795 1398 Graecos,
830 1335 896 1382 tum
927 1321 1068 1403 inprimis
1090 1319 1129 1380 ad

133 1401 325 1476 Thebanos,
353 1404 565 1463 mitterentur.
608 1402 643 1460 ln
670 1400 751 1462 hanc
779 1400 966 1462 sententiam
995 1400 1129 1463 decreto

134 1480 240 1555 facto,
268 1481 387 1542 Chares
409 1494 442 1544 et
462 1483 601 1562 Lysicles
632 1481 795 1560 copiarum
826 1479 1035 1562 imperatores
1056 1499 1130 1541 eon·

133 1561 251 1638 stituti3
271 1562 505 1624 Demosthenes
526 1561 693 1646 legationis
723 1562 762 1621 ad
783 1561 951 1622 Thebanos
979 1560 1128 1642 princeps

132 1641 180 1700 ire
212 1640 314 1701 iussus
342 1654 392 1703 est
422 1641 479 1724 16).
517 1645 588 1704 Non
615 1639 780 1703 fefellerat
807 1663 844 1703 ea
868 1662 920 1702 res
947 1639 1130 1703 Macedonis

133 1721 325 1796 sollertiam,
350 1723 489 1806 satisque
510 1721 747 1805 prospiciebat,
775 1733 900 1805 quantu
924 1720 1002 1782 belli
1029 1721 1158 1793 moles,

134 1801 257 1862 oritura
278 1813 378 1880 esset,
412 1805 439 1864 si
466 1803 551 1864 inter
570 1804 647 1866 istos
670 1803 809 1896 populos
827 1800 943 1863 foedus
968 1799 1131 1862 convenis·

134 1892 190 1942 set.
232 1882 362 1968 Quippe
382 1883 622 1947 Atheniensium
649 1882 758 1944 emitas
789 1895 863 1944 tunc
879 1883 987 1957 ,etiem
1016 1878 1130 1963 opibus

136 1973 169 2022 et
190 1967 379 2026 auctoritate
401 1967 474 2028 satis
495 1965 652 2048 pollebat3
677 1983 737 2024 nec
760 1963 985 2025 Thebanorum
1007 1973 1060 2021 aut
1075 1979 1132 2042 po·

133 2043 232 2104 tentia
253 2048 482 2109 contemnenda
504 2058 583 2123 erat,
605 2057 659 2107 aut
682 2044 806 2125 opinio:
827 2043 963 2104 necdum
988 2038 1032 2119 ¹⁷)
1057 2061 1133 2102 exo·

135 2122 261 2184 leverat
281 2128 433 2188 memoria
453 2127 643 2191 Leuctricae
663 2145 807 2206 pugnae,
858 2143 899 2184 ua
918 2122 1129 2205 principatum

134 2201 288 2264 Graeciae
308 2207 566 2270 Lacedaemoniis
589 2217 799 2268 extorserant.
837 2147 940 2286 igitur
967 2215 1004 2264 ut
1028 2215 1061 2265 et
1081 2221 1131 2263 so·

135 2283 258 2344 ciorum
278 2284 482 2350 confirmaret
508 2288 644 2364 animos,
671 2297 704 2346 et
731 2285 875 2347 diversae
902 2283 1047 2344 factionis
1069 2303 1132 2342 ma-

137 2362 331 2425 chinationes
351 2378 589 2448 praeverteret,
615 2367 781 2445 Amyntam
803 2378 836 2425 et
858 2362 1047 2422 Clearchum
1068 2362 1132 2421 Ma·

138 2443 275 2502 redonas
296 2464 335 2504 eo
356 2448 451 2515 misit,
477 2446 602 2520 addito,
623 2446 711 2504 cuius
737 2443 938 2526 eloquentiae
959 2441 1131 2521 plurimum

133 2519 262 2596 liciebat,
276 2523 422 2601 Pythone
436 2523 610 2604 Byzantio:
632 2543 728 2605 quem
741 2522 773 2580 in
788 2521 919 2583 consilio
932 2524 1133 2584 Boeotorum

134 2601 179 2660 ita
199 2601 341 2660 locutum
364 2605 555 2686 accepimus.

215 2680 272 2746 VI.
294 2679 328 2739 Si
347 2683 497 2780 Philippo
519 2685 550 2744 in
583 2680 768 2743 Macedonia
797 2681 963 2744 desidente
989 2682 1162 2769 Eleteamt

134 2758 337 2820 Atheniensis
357 2781 518 2828 exercitus
539 2762 682 2838 haberet,
703 2781 808 2846 neque
828 2762 919 2826 vobis
941 2763 1042 2824 ullum
1058 2783 1131 2825 cum

134 2859 213 2922 rege
236 2833 379 2907 foederis
401 2860 456 2908 aut
476 2845 630 2908 amicitiae
652 2843 700 2902 ius
722 2855 830 2906 esset:
858 2856 964 2904 tamen
985 2843 1134 2918 dubitare

135 2941 199 2982 non
236 2919 362 3007 debeo,
395 2929 471 3011 quin
503 2927 587 2987 illius
618 2924 803 2986 societatem
836 2924 947 2987 essetis
982 2923 1137 3008 optaturi.

203 3193 236 3246 td
265 3189 402 3242 Plutarch.
421 3185 560 3241 Demosth.
579 3205 603 3244 e.
622 3186 666 3254 24.

204 3265 236 3316 15
265 3257 402 3312 Demosth.
422 3258 457 3310 de
475 3273 577 3309 corone
595 3275 622 3328 p.
639 3256 739 3324 287.st
792 3321 793 3328 ἵ

206 3327 249 3424 162
267 3328 383 3380 Diodor.
407 3329 447 3392 16,
466 3327 508 3383 86.

137 3462 155 3514 d
207 3411 252 3520 1176
270 3395 353 3517 ἓὲηι.
376 3396 469 3466 Nepos
492 3394 613 3465 Epamin.
650 3390 784 3460 Pluta'peh.
802 3389 947 3448 Demosth·
966 3407 990 3444 c.
1009 3389 1050 3458 nd.
1062 3389 1135 3442 'llio-

157 3479 197 3515 or.
251 3501 260 3531 ,
312 3501 319 3517 .
803 3489 805 3496 ·
