2636 3860
64 2446 69 2465 ἱ
173 2423 206 2481 iu
234 2421 332 2502 ipsius
353 2420 486 2515 gretiam

169 352 201 416 ll-
541 348 562 402 1.
581 347 800 400 eaerrsoenu
839 311 842 316 ¹

168 519 250 584 quae
271 498 309 558 iis
336 494 573 560 continerentur
601 497 662 556 iam
685 505 777 556 antea
803 494 971 557 didicisset.
1012 495 1100 557 Idem
1122 495 1170 578 6),

169 602 241 642 cum
260 575 435 638 Rhetorica
456 573 495 635 ab
516 576 741 663 corrigeret,
762 577 899 638 sollicite
921 575 1033 652 vetuit,
1054 597 1094 638 ne
1116 579 1170 638 ali-

168 680 260 721 orum
295 656 390 726 etiam
425 655 457 716 in
491 675 601 716 manue
660 658 806 717 ervenire
833 668 1010 738 pateretur.
1056 660 1170 741 Neque

168 737 383 807 enim,minus
408 734 551 798 honestis
580 677 717 813 artibus,
750 757 845 819 quam
868 735 1020 818 potentia,
1042 749 1169 799 ceteros

190 831 332 880 raestare
351 816 517 898 cupiebat:
538 815 757 898 indignabatur
780 838 833 892 ue,
854 817 1085 879 communicare
1105 819 1171 878 lau-

167 841 244 960 dem
270 898 356 958 illam
380 917 454 957 cum
476 895 665 958 humillimis.
706 839 882 958 Medicinae
903 917 1033 980 quoque
1063 899 1169 958 studio

168 978 325 1040 imbutum
343 975 384 1036 'ab
406 977 590 1051 Aristotele,
612 974 678 1040 filio
698 979 825 1056 medici,
847 999 886 1038 ex
908 989 1003 1059 gente
1018 979 1171 1058 Asclepi«

171 1059 321 1134 odarum,
349 1055 446 1117 iidem
468 1057 572 1136 ,ipsius
603 1057 757 1137 epistolae
786 1057 918 1118 faciunt.
958 1059 1038 1122 Eam
1054 1070 1170 1118 autem

169 1137 389 1232 philosophiae
405 1147 540 1218 partem,
560 1155 644 1220 quae
660 1137 720 1197 sibi
734 1137 873 1220 aliisque
892 1137 996 1218 probe
1011 1140 1170 1220 imperare

170 1220 341 1294 docet,1ta
362 1213 392 1297 7)
414 1215 525 1291 coluit,
546 1229 582 1277 ut
601 1217 865 1298 magnanimitate,
886 1216 1071 1310 prudentia,
1092 1230 1170 1278 tem-

169 1300 322 1380 perantia,
343 1296 542 1373 fortitudine,
568 1316 662 1379 quam
677 1297 770 1358 armis
790 1309 822 1358 et
839 1299 964 1380 opibus,
987 1299 1170 1359 instructior

170 1391 289 1440 tautam
323 1377 449 1459 imperii
480 1377 604 1438 Persici
644 1379 760 1438 molem
802 1379 964 1438 subruere
1002 1397 1169 1461 aggressus

173 1471 349 1520 censeatur.
398 1459 470 1538 lpse
509 1457 639 1540 quidem
687 1459 880 1537 raedicavit,
911 1479 976 1519 non
1005 1461 1106 1519 miuus
1135 1478 1170 1518 se

172 1539 294 1600 debere
316 1536 617 1620 Aristoteli,quam
639 1479 806 1622 Philippo:
838 1539 932 1601 huius
956 1539 1039 1600 enim
1058 1559 1170 1599 munus

171 1620 283 1696 i'uisse,
304 1618 392 1703 quod
413 1617 549 1696 viveret3
570 1619 665 1695 illius,
685 1621 774 1702 quod
794 1618 928 1682 honeste
950 1620 1083 1682 viveret.
1123 1621 1171 1678 ln-

173 1700 301 1782 genium
321 1713 427 1760 tamen
447 1697 561 1760 ardens
583 1700 773 1778 ambitione,
801 1701 895 1760 nimia
922 1699 1054 1763 honoris
1076 1699 1171 1782 glori-

172 1801 273 1862 aeque
294 1777 541 1862 praedicatione,
563 1801 660 1862 quam.
678 1781 761 1841 iuter
775 1801 893 1864 genera
906 1779 1065 1841 bonorum
1086 1780 1173 1840 refe-

170 1859 301 1920 rendam
335 1879 405 1919 esse
434 1858 628 1924 Aristoteles
656 1861 811 1934 sciverat,
844 1862 962 1923 elatum
990 1858 1108 1936 fuisso,
1136 1872 1172 1919 ut

136 1942 139 1947 “
172 1960 235 2000 nou
263 1938 359 2007 modo
386 1938 514 2018 imperii
539 1940 735 2023 prorogandi
770 1940 870 2022 gratia
903 1937 988 1998 bella
1016 1959 1056 1998 ex
1076 1939 1171 1999 bellis

173 2030 308 2088 sereret,
330 2019 558 2080 verumetiam
581 2021 670 2080 Deus
690 2019 801 2081 haberi
823 2019 937 2088 vellet,
959 2017 1088 2100 quidam
1108 2027 1174 2079 nou

175 2099 335 2160 immerito
366 2097 548 2164 credidere..
598 2101 749 2162 Ceterum
770 2121 841 2160 non
862 2099 965 2160 solum
994 2098 1170 2179 imperante

173 2178 356 2242 Alexandro
380 2178 496 2240 eximio
514 2179 639 2241 honore
652 2179 856 2264 maximisque
870 2176 1052 2238 muneribus
1075 2179 1171 2239 affec-

175 2271 227 2332 tus
254 2271 303 2320 est
322 2258 530 2335 Aristoteles,
553 2260 610 2320 sed
630 2273 663 2322 et
683 2260 758 2323 vivo
774 2259 805 2340 ὃ)
827 2259 930 2319 adhuc
951 2257 1101 2338 Philippo
1126 2261 1173 2318 in-

174 2361 251 2424 gens
276 2339 478 2406 institutionis
499 2339 574 2400 suae
594 2341 735 2422 pretium
757 2343 893 2418 tulerat,
921 2337 1109 2418 impetrato,
1136 2351 1173 2398 ut

531 2421 609 2481 atria
629 2421 868 2483 instauraretur.
909 2417 1077 2498 Olynthios
1097 2419 1171 2478 Phi-

172 2502 280 2582 lippus
307 2522 479 2563 acerrimos
505 2441 615 2562 hostes
643 2516 793 2585 expertus
826 2502 946 2562 luerat:
981 2520 1052 2558 nam
1078 2499 1172 2561 vicini

173 2581 390 2658 Macedoniae,
412 2593 445 2644 et
464 2583 605 2662 potentia
625 2581 777 2644 hactenns
791 2582 876 2643 haud
895 2582 1042 2662 impares,
1065 2601 1172 2662 aeger-

87 2687 89 2692 ·
174 2661 254 2721 rime
272 2663 428 2728 tulerant,
449 2660 508 2719 sub
528 2682 608 2742 rege
628 2662 783 2726 bellicoso
804 2662 963 2744 vafroque
981 2661 1074 2741 regni
1095 2682 1173 2743 opes

139 2759 152 2814 Q
176 2759 344 2808 crescere,
382 2739 499 2800 accolis
530 2741 705 2832 perniciem
736 2755 790 2804 aut
821 2743 986 2803 servitium
1014 2743 1173 2800 allaturas.

69 2817 80 2832 ‘
175 2820 265 2904 Ergo
288 2838 353 2902 quo
375 2816 600 2897 infensioribus
622 2820 729 2882 animis
751 2831 907 2882 certatum
928 2830 994 2890 cst,
1023 2839 1064 2882 eo
1085 2835 1173 2900 aspc-

175 2942 374 2962 „fi--A--t

207 2961 218 2975 ,a

177 3053 183 3064 ι
241 2981 269 3062 6)
290 2983 399 3036 Aristot.
420 2980 495 3038 libet.
516 2981 550 3032 ad
568 2980 646 3036 Alex.
665 2999 689 3035 c.
711 3001 735 3036 r.
751 2985 885 3037 Plutarch.
898 3001 922 3036 c.
936 2987 976 3040 13.
991 2984 1068 3051 Diog.
1083 2986 1170 3036 Laert.

177 3068 204 3102 m
222 3051 426 3198 nssstffiinmh·
451 3136 475 3170 c.
506 3119 544 3170 18.
565 3119 651 3172 Ethic.
671 3106 704 3187 4,
731 3103 754 3186 7.
779 3123 885 3178 Zamos.
908 3121 1022 3171 analect.
1050 3091 1170 3190 anthbit.

176 3188 273 3322 meldi
289 3202 391 3308 dedii
409 3273 477 3312 varr.
498 3255 559 3308 bist.
582 3274 622 3324 12,
642 3259 684 3325 54.
703 3258 814 3309 Tzetnes
832 3247 1171 3327 Chil.7,140.DioChry-

177 3330 240 3372 sost.
259 3333 326 3374 orat.
348 3339 372 3377 2-
390 3326 467 3391 Diog.
486 3327 574 3378 Laert.
596 3329 624 3376 in
642 3328 796 3377 Aristotele.
818 3327 920 3376 Plinius
948 3339 979 3388 7,
1007 3338 1049 3387 29,
1069 3328 1094 3382 3,
1113 3331 1171 3380 Val.

176 3392 247 3440 Mau.
262 3403 286 3454 5,
304 3393 331 3456 6,
349 3394 373 3444 5.
390 3393 461 3443 Plut.
478 3411 502 3448 c.
523 3402 566 3452 5¹·
585 3390 709 3464 advorsus
729 3395 853 3443 Cololem
872 3408 895 3440 c.
914 3393 948 3441 50
966 3397 993 3438 et
1011 3392 1053 3448 51,
1068 3398 1171 3464 apoph-

177 3457 265 3524 thrgg.
285 3475 307 3509 c.
327 3462 368 3511 33.
391 3460 504 3513 Casaub.
523 3464 548 3513 in
568 3462 663 3516 Athen.
687 3461 726 3526 14,
747 3476 787 3516 22·
