2660 3864
197 404 231 459 sn
443 379 463 418 ’·
564 399 586 452 1.
601 381 821 454 rnnmsaanu

196 569 255 614 vos
270 557 483 625 contemnunt,
502 558 539 609 ut
552 547 686 609 idoneos
705 559 829 644 putent,
849 547 965 634 quibus
983 549 1077 612 etiam
1094 551 1186 634 pueri

195 651 310 692 nomen
339 627 543 696 formidinem
577 629 677 710 possit
713 641 869 693 mcutere.

307 711 357 769 ΠΙ.
373 707 540 787 Crederes,
562 711 638 769 alios
654 721 787 792 repente
801 709 904 772 l'actos
919 708 1106 774 Thebanos:
1130 713 1186 796 qni

195 790 268 852 mod
310 791 396 873 agios
411 791 537 872 legatos
559 800 696 866 attente,
726 801 819 874 atque
837 789 931 850 etiam
951 809 1024 850 cum
1045 811 1185 868 assensu,

195 872 392 948 audiverant,
413 871 494 930 adeo
514 871 545 929 in
563 869 756 931 contrarium
776 870 887 930 mutati
905 881 987 948 sunt,
1010 883 1048 932 ut
1067 871 1186 955 Philip-

194 964 270 1033 pum
295 951 419 1012 hostem
446 950 638 1028 iudicarent,
667 950 699 1010 ni
720 949 971 1044 quamprimum
999 951 1063 1012 suis
1084 952 1186 1014 socio·

195 1051 330 1114 rumque
345 1029 456 1090 finibus
476 1030 663 1091 decederet:
687 1031 910 1091 Macedomcae
925 1029 1070 1093 lhctionis
1085 1031 1186 1092 homi-

194 1131 249 1171 nes
264 1111 344 1172 urbe
367 1111 535 1192 pellerent,
557 1121 589 1171 et
609 1108 847 1170 Atheniensium
869 1111 978 1191 copias
999 1130 1039 1172 eo
1060 1112 1185 1194 recipe-

194 1203 267 1251 rent
287 1190 322 1269 ¹).
344 1191 387 1252 A:
401 1189 577 1272 Philippus,
592 1189 752 1271 inopinata
765 1189 989 1251 Thebanorum
1002 1191 1185 1254 defectione

194 1272 339 1332 turbatus
363 1271 460 1354 magis
487 1292 581 1354 quam
607 1271 740 1332 territus
765 1271 915 1350 ,insistere
939 1270 1101 1333 destinatis
1121 1295 1185 1336 non
1214 1292 1223 1299 ·
1320 1297 1321 1306 ¹

194 1352 308 1412 omisit.
332 1351 467 1412 Duobus
488 1351 612 1413 levibus
632 1351 764 1434 proeliis
786 1351 973 1427 commissis,
994 1371 1067 1412 cum
1088 1353 1185 1415 Athe-

193 1431 318 1492 nienses
342 1451 507 1494 successus
535 1453 597 1492 non
617 1432 813 1513 poeniteret,
845 1431 973 1491 tandem
992 1432 1122 1515 utrique
1146 1435 1184 1494 ad

194 1511 410 1573 Chaeroneam
428 1513 582 1575 Boeotiae
603 1511 755 1594 oppidum
767 1511 843 1573 totis
858 1511 977 1572 viribus
999 1514 1184 1575 consedere.

194 1592 335 1653 Graecos
351 1593 469 1655 decora
481 1593 635 1653 maiorum
650 1603 683 1651 et
692 1611 768 1652 eura
784 1590 938 1652 libertatis
953 1592 1183 1654 accendebant:

192 1671 359 1755 Philippus
369 1671 398 1752 2)
416 1671 553 1755 egregiis
576 1672 674 1754 copiis
695 1683 808 1755 totque
832 1669 988 1734 bellorum
1013 1672 1184 1735 victoribus

192 1750 319 1812 fidebat.
351 1755 385 1814 ln
406 1772 440 1812 se
461 1773 592 1847 (proque
613 1773 676 1814 non
698 1773 811 1833 parum
825 1751 979 1812 momenti
997 1753 1184 1831 collocabat,

193 1832 280 1916 qnod
301 1837 342 1893 im
369 1833 513 1894 aratoriis
543 1831 663 1894 artibus
691 1833 761 1914 ipse
785 1831 1014 1913 praecelleret:
1046 1833 1184 1896 Graeco·

157 1963 161 1966 .
191 1935 262 1973 rum
288 1915 356 1974 cele
380 1913 526 1972 ratissimi
549 1912 646 1974 duces
667 1913 728 1978 iam
749 1911 961 1972 decesserant.
997 1912 1182 1998 Theagenes

192 1992 350 2053 Thebanis
377 2005 546 2072 praeerat,
575 1992 705 2054 modico
726 1991 855 2051 militiae
876 2013 953 2070 usu,
985 2012 1089 2078 neque
1110 1995 1183 2054 satis

192 2074 303 2132 firmus
324 2073 476 2134 adversus
497 2073 680 2154 pecuniam:
709 2071 946 2132 Atheniensium
973 2092 1102 2167 quoque
1128 2075 1185 2134 im-

191 2164 381 2234 peratorum
401 2153 552 2215 virtutem
572 2165 603 2213 at
648 2167 666 2217 e
685 2151 830 2234 peritiam
850 2151 918 2234 ipse
940 2174 1041 2214 ammo
1059 2175 1184 2238 usuque

193 2253 303 2292 rerum
323 2233 417 2314 longe
438 2233 584 2295 anteibat.
630 2233 670 2314 ed
694 2233 831 2292 duorum
850 2233 1029 2313 potentium
1048 2239 1184 2318 populo-

191 2333 263 2372 rum
283 2314 314 2374 in
334 2333 431 2374 unum
459 2333 633 2377 conversae
659 2313 762 2387 vires,¹
791 2333 928 2395 quorum
964 2316 1185 2376 auctoritatem

193 2393 345 2456 Corinthii
360 2413 489 2479 quoque
511 2393 626 2477 aliique
639 2414 673 2455 se
720 2392 860 2467 ebautur,
880 2393 1053 2456 iniecerant
1067 2414 1185 2472 curam,

192 2473 319 2535 minima
337 2473 427 2536 unius
452 2475 516 2537 diei
534 2487 645 2556 parte,
674 2417 717 2535 dg
736 2474 842 2554 capite
863 2471 1064 2558 fortunisque
1087 2476 1184 2536 omni·

192 2553 252 2614 bus
273 2554 472 2619 dimicaturo.
517 2557 565 2615 Ne
587 2555 812 2616 Thebanorum
834 2552 963 2636 quidem
985 2556 1145 2638 principes
1167 2578 1185 2616 a

192 2635 279 2772 pacis
307 2636 443 2696 consiliis
472 2635 703 2713 abhorrebant3
740 2632 797 2695 sed
822 2633 1061 2696 Atheniensium
1088 2637 1185 2698 ardor

165 2731 188 2775 s
214 2714 299 2792 vicit,
320 2725 356 2775 ut
378 2737 486 2777 omnes
506 2716 660 2778 Graeciae
681 2736 754 2798 spes
783 2731 925 2852 opesque
956 2717 1047 2778 unius
1068 2717 1185 2799 proelii

179 2791 341 2858 ,fortunae
366 2797 637 2876 permitterentur.
681 2797 800 2856 Alexan
826 2812 863 2852 er
883 2793 977 2853 etiam
998 2797 1184 2858 immodicus

196 2871 226 2952 ³)
249 2874 343 2934 animi
363 2875 537 2938 testabatur
556 2889 690 2959 patrem,
710 2896 750 2936 nc
770 2883 888 2934 tantam
908 2873 1032 2956 gloriae
1046 2877 1183 2938 occasio·

193 2973 268 3015 nem
288 2974 307 3016 e
330 2957 472 3019 manibus
495 2957 578 3021 elabi
597 2957 735 3019 sineret:
764 2972 867 3036 eoque
889 2952 1017 3018 tandem
1037 2955 1182 3037 impulso,

202 3119 360 3135 —ssu-

262 3239 289 3374 17)
307 3239 377 3359 ipat.
395 3243 622 3322 DemostbcsS.
635 3245 727 3297 lustin.
744 3257 771 3310 9,
784 3237 810 3310 4,
828 3245 853 3298 8.
868 3243 1006 3298 Domnstb.
1028 3241 1062 3294 de
1079 3254 1182 3294 corona

194 3324 223 3378 p·
237 3325 418 3440 hibbam.
441 3379 482 3443 16,
499 3379 539 3430 86.
556 3379 680 3430 Dinarch.
701 3383 795 3431 contra
812 3379 948 3432 Demosth.
977 3379 1073 3432 Strabo
1090 3379 1138 3432 lib.
1156 3393 1181 3443 9·

195 3445 340 3498 Aeschines
358 3445 415 3498 adv.
435 3445 553 3515 Ctesiph.
571 3445 594 3517 §.
612 3449 654 3502 55.
673 3447 809 3500 Plutarch·
827 3447 966 3499 Demostb.
985 3466 1009 3504 c.
1029 3451 1071 3502 25.

262 3513 289 3570 'dl
307 3512 358 3562 Dio
375 3512 467 3580 Chrys.
488 3523 555 3564 orat.
572 3531 597 3566 a.
