<?xml version="1.0" encoding="UTF-8"?>
<!DOCTYPE html PUBLIC "-//W3C//DTD XHTML 1.0 Transitional//EN"
    "http://www.w3.org/TR/xhtml1/DTD/xhtml1-transitional.dtd">
<html xmlns="http://www.w3.org/1999/xhtml" xml:lang="en" lang="en">
 <head>
  <title>
</title>
<meta http-equiv="Content-Type" content="text/html;charset=utf-8" />
  <meta name='ocr-system' content='tesseract 3.04.00' />
  <meta name='ocr-capabilities' content='ocr_page ocr_carea ocr_par ocr_line ocrx_word'/>
</head>
<body>
  <div class='ocr_page' id='page_1' title='image "./degestisalexand01baumgoog_0050.png"; bbox 0 0 2636 3860; ppageno 0'>
   <div class='ocr_carea' id='block_1_1' title="bbox 186 353 861 438">
    <p class='ocr_par' dir='ltr' id='par_1_1' title="bbox 186 353 861 438">
     <span class='ocr_line' id='line_1_1' title="bbox 186 353 861 438; baseline -0.001 -29"><span class='ocrx_word' id='word_1_1' title='bbox 186 353 270 410; x_wconf 77' lang='lat' dir='ltr'>XLII</span> <span class='ocrx_word' id='word_1_2' title='bbox 425 412 427 416; x_wconf 77' lang='grc'><em>,</em></span> <span class='ocrx_word' id='word_1_3' title='bbox 513 367 556 418; x_wconf 72' lang='grc' dir='ltr'><strong>ιιι,</strong></span> <span class='ocrx_word' id='word_1_4' title='bbox 578 367 609 438; x_wconf 74' lang='lat' dir='ltr'><strong>p.</strong></span> <span class='ocrx_word' id='word_1_5' title='bbox 632 367 861 423; x_wconf 78' lang='lat' dir='ltr'><strong>ennerenuro</strong></span> 
     </span>
    </p>
   </div>
   <div class='ocr_carea' id='block_1_2' title="bbox 183 506 1206 592">
    <p class='ocr_par' dir='ltr' id='par_1_2' title="bbox 183 506 1206 592">
     <span class='ocr_line' id='line_1_2' title="bbox 183 506 1206 592; baseline 0.002 -22"><span class='ocrx_word' id='word_1_6' title='bbox 183 531 252 570; x_wconf 86' lang='lat' dir='ltr'><strong>snm</strong></span> <span class='ocrx_word' id='word_1_7' title='bbox 267 509 408 591; x_wconf 80' lang='lat' dir='ltr'>collegit,</span> <span class='ocrx_word' id='word_1_8' title='bbox 425 508 600 592; x_wconf 86' lang='lat' dir='ltr'><strong>quodcum</strong></span> <span class='ocrx_word' id='word_1_9' title='bbox 618 508 728 576; x_wconf 84' lang='lat' dir='ltr'><strong>Curtio</strong></span> <span class='ocrx_word' id='word_1_10' title='bbox 746 506 865 576; x_wconf 86' lang='lat' dir='ltr'><strong>editum</strong></span> <span class='ocrx_word' id='word_1_11' title='bbox 882 517 930 567; x_wconf 87' lang='lat' dir='ltr'><strong>est</strong></span> <span class='ocrx_word' id='word_1_12' title='bbox 943 507 1087 569; x_wconf 86' lang='lat' dir='ltr'><strong>Basileae</strong></span> <span class='ocrx_word' id='word_1_13' title='bbox 1109 512 1181 582; x_wconf 66' lang='lat'>¹545</span> <span class='ocrx_word' id='word_1_14' title='bbox 1204 568 1206 572; x_wconf 81' lang='grc'>,</span> 
     </span>
    </p>
   </div>
   <div class='ocr_carea' id='block_1_3' title="bbox 89 610 1183 1106">
    <p class='ocr_par' dir='ltr' id='par_1_3' title="bbox 89 610 1183 1106">
     <span class='ocr_line' id='line_1_3' title="bbox 184 610 1183 693; baseline 0 -22"><span class='ocrx_word' id='word_1_15' title='bbox 184 613 256 676; x_wconf 84' lang='lat' dir='ltr'><strong>Fal.</strong></span> <span class='ocrx_word' id='word_1_16' title='bbox 277 623 309 671; x_wconf 87' lang='lat' dir='ltr'><strong>et</strong></span> <span class='ocrx_word' id='word_1_17' title='bbox 332 611 453 692; x_wconf 81' lang='lat' dir='ltr'><strong>postea</strong></span> <span class='ocrx_word' id='word_1_18' title='bbox 471 633 566 693; x_wconf 80' lang='lat' dir='ltr'>saepe</span> <span class='ocrx_word' id='word_1_19' title='bbox 587 610 772 692; x_wconf 84' lang='lat' dir='ltr'><strong>repetitum.</strong></span> <span class='ocrx_word' id='word_1_20' title='bbox 816 611 929 692; x_wconf 84' lang='lat' dir='ltr'><strong>Aeque</strong></span> <span class='ocrx_word' id='word_1_21' title='bbox 958 612 1183 691; x_wconf 85' lang='lat' dir='ltr'><strong>compendiosa</strong></span> 
     </span>
     <span class='ocr_line' id='line_1_4' title="bbox 183 711 1182 796; baseline 0.001 -22"><span class='ocrx_word' id='word_1_22' title='bbox 183 727 255 775; x_wconf 91' lang='lat' dir='ltr'><strong>sunt</strong></span> <span class='ocrx_word' id='word_1_23' title='bbox 280 715 452 796; x_wconf 78' lang='lat' dir='ltr'><strong>Christopli,</strong></span> <span class='ocrx_word' id='word_1_24' title='bbox 475 715 596 774; x_wconf 79' lang='lat' dir='ltr'><strong>Cellarii</strong></span> <span class='ocrx_word' id='word_1_25' title='bbox 619 711 838 792; x_wconf 84' lang='lat' dir='ltr'><strong>supplementa</strong></span> <span class='ocrx_word' id='word_1_26' title='bbox 859 712 932 775; x_wconf 89' lang='lat' dir='ltr'><strong>libri</strong></span> <span class='ocrx_word' id='word_1_27' title='bbox 954 715 1012 780; x_wconf 85' lang='lat' dir='ltr'><strong>let</strong></span> <span class='ocrx_word' id='word_1_28' title='bbox 1027 717 1063 774; x_wconf 93' lang='grc' dir='ltr'><strong>ΙΙ.</strong></span> <span class='ocrx_word' id='word_1_29' title='bbox 1085 726 1182 796; x_wconf 85' lang='lat' dir='ltr'><strong>atque</strong></span> 
     </span>
     <span class='ocr_line' id='line_1_5' title="bbox 183 798 1181 900; baseline -0.003 -22"><span class='ocrx_word' id='word_1_30' title='bbox 183 819 367 888; x_wconf 81' lang='lat' dir='ltr'><strong>lacunarum</strong></span> <span class='ocrx_word' id='word_1_31' title='bbox 396 798 614 898; x_wconf 73' lang='lat' dir='ltr'><strong>posteriorum</strong></span> <span class='ocrx_word' id='word_1_32' title='bbox 639 815 817 893; x_wconf 88' lang='lat' dir='ltr'><strong>librorum,</strong></span> <span class='ocrx_word' id='word_1_33' title='bbox 850 816 932 878; x_wconf 77' lang='lat'>1688.</span> <span class='ocrx_word' id='word_1_34' title='bbox 978 817 1069 900; x_wconf 83' lang='lat' dir='ltr'><strong>Quae</strong></span> <span class='ocrx_word' id='word_1_35' title='bbox 1098 817 1181 876; x_wconf 88' lang='lat' dir='ltr'><strong>exci-</strong></span> 
     </span>
     <span class='ocr_line' id='line_1_6' title="bbox 184 911 1183 1003; baseline -0.011 -20"><span class='ocrx_word' id='word_1_36' title='bbox 184 923 299 998; x_wconf 86' lang='lat' dir='ltr'><strong>derint,</strong></span> <span class='ocrx_word' id='word_1_37' title='bbox 320 911 484 1003; x_wconf 80' lang='lat' dir='ltr'><strong>quomedo</strong></span> <span class='ocrx_word' id='word_1_38' title='bbox 506 917 629 999; x_wconf 82' lang='lat' dir='ltr'><strong>singula</strong></span> <span class='ocrx_word' id='word_1_39' title='bbox 651 918 829 999; x_wconf 84' lang='lat' dir='ltr'><strong>dispensata</strong></span> <span class='ocrx_word' id='word_1_40' title='bbox 851 922 980 998; x_wconf 71' lang='lat' dir='ltr'><strong>fuerint,</strong></span> <span class='ocrx_word' id='word_1_41' title='bbox 999 918 1107 1000; x_wconf 83' lang='lat' dir='ltr'><strong>paucis</strong></span> <span class='ocrx_word' id='word_1_42' title='bbox 1129 938 1183 978; x_wconf 87' lang='lat' dir='ltr'><strong>ex.</strong></span> 
     </span>
     <span class='ocr_line' id='line_1_7' title="bbox 89 1004 1182 1106; baseline -0.008 -20"><span class='ocrx_word' id='word_1_43' title='bbox 89 1004 104 1094; x_wconf 22' lang='lat' dir='ltr'><strong>l,</strong></span> <span class='ocrx_word' id='word_1_44' title='bbox 183 1025 275 1106; x_wconf 90' lang='lat' dir='ltr'><strong>ponit</strong></span> <span class='ocrx_word' id='word_1_45' title='bbox 296 1036 392 1106; x_wconf 83' lang='lat' dir='ltr'><strong>atque</strong></span> <span class='ocrx_word' id='word_1_46' title='bbox 413 1023 443 1082; x_wconf 91' lang='lat' dir='ltr'><strong>in</strong></span> <span class='ocrx_word' id='word_1_47' title='bbox 464 1020 735 1086; x_wconf 81' lang='lat' dir='ltr'><strong>notulisadiectis</strong></span> <span class='ocrx_word' id='word_1_48' title='bbox 758 1017 913 1092; x_wconf 85' lang='lat' dir='ltr'><strong>auctores</strong></span> <span class='ocrx_word' id='word_1_49' title='bbox 927 1043 1001 1084; x_wconf 91' lang='lat' dir='ltr'><strong>suos</strong></span> <span class='ocrx_word' id='word_1_50' title='bbox 1023 1032 1182 1080; x_wconf 81' lang='lat' dir='ltr'><strong>recenset.</strong></span> 
     </span>
    </p>
   </div>
   <div class='ocr_carea' id='block_1_4' title="bbox 184 1122 1298 1208">
    <p class='ocr_par' dir='ltr' id='par_1_4' title="bbox 184 1122 1298 1208">
     <span class='ocr_line' id='line_1_8' title="bbox 184 1122 1298 1208; baseline -0.006 -22"><span class='ocrx_word' id='word_1_51' title='bbox 184 1127 332 1208; x_wconf 84' lang='lat' dir='ltr'><strong>Utroque</strong></span> <span class='ocrx_word' id='word_1_52' title='bbox 359 1125 457 1208; x_wconf 80' lang='lat' dir='ltr'><strong>longe</strong></span> <span class='ocrx_word' id='word_1_53' title='bbox 488 1125 649 1206; x_wconf 83' lang='lat' dir='ltr'><strong>copiosior</strong></span> <span class='ocrx_word' id='word_1_54' title='bbox 678 1124 746 1186; x_wconf 84' lang='lat' dir='ltr'><strong>suit</strong></span> <span class='ocrx_word' id='word_1_55' title='bbox 771 1125 838 1188; x_wconf 82' lang='grc' dir='ltr'><strong><em>ΙοΙι.</em></strong></span> <span class='ocrx_word' id='word_1_56' title='bbox 863 1127 1093 1193; x_wconf 78' lang='lat' dir='ltr'><strong>Freinshemius,</strong></span> <span class='ocrx_word' id='word_1_57' title='bbox 1127 1122 1183 1203; x_wconf 90' lang='lat' dir='ltr'><strong>qui</strong></span> <span class='ocrx_word' id='word_1_58' title='bbox 1225 1189 1239 1201; x_wconf 24' lang='grc' dir='ltr'><strong>ἱ</strong></span> <span class='ocrx_word' id='word_1_59' title='bbox 1294 1157 1298 1167; x_wconf 58' lang='lat'>1</span> 
     </span>
    </p>
   </div>
   <div class='ocr_carea' id='block_1_5' title="bbox 91 1227 1183 3262">
    <p class='ocr_par' dir='ltr' id='par_1_5' title="bbox 91 1227 1183 1927">
     <span class='ocr_line' id='line_1_9' title="bbox 178 1227 1182 1310; baseline -0.004 -20"><span class='ocrx_word' id='word_1_60' title='bbox 178 1247 298 1300; x_wconf 44' lang='lat' dir='ltr'><strong>*ornnes</strong></span> <span class='ocrx_word' id='word_1_61' title='bbox 335 1227 462 1303; x_wconf 77' lang='lat' dir='ltr'><strong>lacunas</strong></span> <span class='ocrx_word' id='word_1_62' title='bbox 499 1228 655 1308; x_wconf 75' lang='lat' dir='ltr'><strong>eitplerit,</strong></span> <span class='ocrx_word' id='word_1_63' title='bbox 691 1229 774 1301; x_wconf 69' lang='lat'><strong>1648,</strong></span> <span class='ocrx_word' id='word_1_64' title='bbox 830 1231 878 1298; x_wconf 72' lang='lat' dir='ltr'><strong>Ea</strong></span> <span class='ocrx_word' id='word_1_65' title='bbox 913 1227 1027 1310; x_wconf 87' lang='lat' dir='ltr'><strong>quovis</strong></span> <span class='ocrx_word' id='word_1_66' title='bbox 1046 1247 1182 1310; x_wconf 63' lang='lat' dir='ltr'><strong>genere</strong></span> 
     </span>
     <span class='ocr_line' id='line_1_10' title="bbox 179 1328 1183 1413; baseline -0.001 -22"><span class='ocrx_word' id='word_1_67' title='bbox 179 1331 378 1410; x_wconf 77' lang='lat' dir='ltr'><strong>scriptorum</strong></span> <span class='ocrx_word' id='word_1_68' title='bbox 399 1329 556 1413; x_wconf 90' lang='lat' dir='ltr'><strong>quidquid</strong></span> <span class='ocrx_word' id='word_1_69' title='bbox 576 1328 639 1401; x_wconf 81' lang='lat' dir='ltr'><strong>huc</strong></span> <span class='ocrx_word' id='word_1_70' title='bbox 661 1329 845 1410; x_wconf 79' lang='lat' dir='ltr'><strong>spectabat,</strong></span> <span class='ocrx_word' id='word_1_71' title='bbox 866 1331 966 1392; x_wconf 87' lang='lat' dir='ltr'><strong>multo</strong></span> <span class='ocrx_word' id='word_1_72' title='bbox 983 1331 1093 1402; x_wconf 82' lang='lat' dir='ltr'><strong>labore</strong></span> <span class='ocrx_word' id='word_1_73' title='bbox 1110 1331 1183 1390; x_wconf 80' lang='lat' dir='ltr'><strong>col-</strong></span> 
     </span>
     <span class='ocr_line' id='line_1_11' title="bbox 181 1430 1180 1518; baseline -0.005 -23"><span class='ocrx_word' id='word_1_74' title='bbox 181 1433 261 1516; x_wconf 81' lang='lat' dir='ltr'><strong>legit</strong></span> <span class='ocrx_word' id='word_1_75' title='bbox 276 1433 350 1495; x_wconf 86' lang='lat' dir='ltr'><strong>etin</strong></span> <span class='ocrx_word' id='word_1_76' title='bbox 364 1454 461 1505; x_wconf 82' lang='lat' dir='ltr'><strong>unum</strong></span> <span class='ocrx_word' id='word_1_77' title='bbox 476 1451 594 1514; x_wconf 87' lang='lat' dir='ltr'><strong>corpus</strong></span> <span class='ocrx_word' id='word_1_78' title='bbox 615 1433 785 1514; x_wconf 82' lang='lat' dir='ltr'><strong>congessit,</strong></span> <span class='ocrx_word' id='word_1_79' title='bbox 806 1432 891 1506; x_wconf 74' lang='lat' dir='ltr'><strong>unde</strong></span> <span class='ocrx_word' id='word_1_80' title='bbox 912 1432 1031 1506; x_wconf 84' lang='lat' dir='ltr'><strong>factum</strong></span> <span class='ocrx_word' id='word_1_81' title='bbox 1052 1430 1180 1518; x_wconf 86' lang='lat' dir='ltr'><strong>quidem</strong></span> 
     </span>
     <span class='ocr_line' id='line_1_12' title="bbox 182 1534 1179 1619; baseline 0.002 -23"><span class='ocrx_word' id='word_1_82' title='bbox 182 1548 242 1610; x_wconf 84' lang='lat' dir='ltr'><strong>est,</strong></span> <span class='ocrx_word' id='word_1_83' title='bbox 262 1549 299 1596; x_wconf 90' lang='lat' dir='ltr'><strong>ut</strong></span> <span class='ocrx_word' id='word_1_84' title='bbox 322 1557 400 1598; x_wconf 80' lang='lat' dir='ltr'><strong>vera</strong></span> <span class='ocrx_word' id='word_1_85' title='bbox 421 1549 455 1596; x_wconf 88' lang='lat' dir='ltr'><strong>et</strong></span> <span class='ocrx_word' id='word_1_86' title='bbox 471 1534 554 1596; x_wconf 60' lang='lat' dir='ltr'><strong>vfalsa</strong></span> <span class='ocrx_word' id='word_1_87' title='bbox 574 1535 756 1616; x_wconf 87' lang='lat' dir='ltr'><strong>promiscue</strong></span> <span class='ocrx_word' id='word_1_88' title='bbox 777 1536 940 1619; x_wconf 80' lang='lat' dir='ltr'><strong>legantur,</strong></span> <span class='ocrx_word' id='word_1_89' title='bbox 964 1535 1079 1606; x_wconf 81' lang='lat' dir='ltr'><strong>merito</strong></span> <span class='ocrx_word' id='word_1_90' title='bbox 1099 1555 1179 1598; x_wconf 78' lang='lat' dir='ltr'><strong>vero</strong></span> 
     </span>
     <span class='ocr_line' id='line_1_13' title="bbox 182 1625 1181 1735; baseline -0.005 -35"><span class='ocrx_word' id='word_1_91' title='bbox 182 1641 261 1722; x_wconf 77' lang='lat' dir='ltr'><strong>prae</strong></span> <span class='ocrx_word' id='word_1_92' title='bbox 283 1641 508 1735; x_wconf 62' lang='lat' dir='ltr'><strong>reliquissem</strong></span> <span class='ocrx_word' id='word_1_93' title='bbox 530 1639 572 1698; x_wconf 90' lang='lat' dir='ltr'><strong>ob</strong></span> <span class='ocrx_word' id='word_1_94' title='bbox 596 1659 720 1708; x_wconf 77' lang='lat' dir='ltr'><strong>sarisam</strong></span> <span class='ocrx_word' id='word_1_95' title='bbox 741 1625 902 1713; x_wconf 77' lang='lat' dir='ltr'><strong>laudetur,</strong></span> <span class='ocrx_word' id='word_1_96' title='bbox 930 1638 1024 1720; x_wconf 21' lang='lat' dir='ltr'><strong>&#39;quod</strong></span> <span class='ocrx_word' id='word_1_97' title='bbox 1052 1659 1110 1700; x_wconf 91' lang='lat' dir='ltr'><strong>suo</strong></span> <span class='ocrx_word' id='word_1_98' title='bbox 1138 1639 1181 1698; x_wconf 55' lang='lat' dir='ltr'><strong>lar</strong></span> 
     </span>
     <span class='ocr_line' id='line_1_14' title="bbox 91 1739 1182 1826; baseline 0 -22"><span class='ocrx_word' id='word_1_99' title='bbox 91 1805 93 1809; x_wconf 74' lang='grc'>,</span> <span class='ocrx_word' id='word_1_100' title='bbox 179 1745 262 1812; x_wconf 78' lang='lat' dir='ltr'><strong>hore</strong></span> <span class='ocrx_word' id='word_1_101' title='bbox 294 1755 327 1802; x_wconf 88' lang='lat' dir='ltr'><strong>et</strong></span> <span class='ocrx_word' id='word_1_102' title='bbox 356 1743 476 1826; x_wconf 87' lang='lat' dir='ltr'><strong>optime</strong></span> <span class='ocrx_word' id='word_1_103' title='bbox 506 1741 546 1804; x_wconf 88' lang='lat' dir='ltr'><strong>ad</strong></span> <span class='ocrx_word' id='word_1_104' title='bbox 573 1739 743 1802; x_wconf 88' lang='lat' dir='ltr'><strong>lectionem</strong></span> <span class='ocrx_word' id='word_1_105' title='bbox 773 1741 875 1809; x_wconf 86' lang='lat' dir='ltr'><strong>Curtii</strong></span> <span class='ocrx_word' id='word_1_106' title='bbox 901 1743 1120 1823; x_wconf 83' lang='lat' dir='ltr'><strong>praeparavit,</strong></span> <span class='ocrx_word' id='word_1_107' title='bbox 1149 1754 1182 1804; x_wconf 90' lang='lat' dir='ltr'><strong>et</strong></span> 
     </span>
     <span class='ocr_line' id='line_1_15' title="bbox 182 1842 893 1927; baseline -0.014 -15"><span class='ocrx_word' id='word_1_108' title='bbox 182 1847 361 1912; x_wconf 79' lang='lat' dir='ltr'><strong>molestiam</strong></span> <span class='ocrx_word' id='word_1_109' title='bbox 380 1849 564 1918; x_wconf 83' lang='lat' dir='ltr'><strong>lacunarum</strong></span> <span class='ocrx_word' id='word_1_110' title='bbox 586 1842 743 1902; x_wconf 89' lang='lat' dir='ltr'><strong>minorum</strong></span> <span class='ocrx_word' id='word_1_111' title='bbox 766 1843 893 1927; x_wconf 83' lang='lat' dir='ltr'><strong>emovit,</strong></span> 
     </span>
    </p>

    <p class='ocr_par' dir='ltr' id='par_1_6' title="bbox 95 1946 1181 3262">
     <span class='ocr_line' id='line_1_16' title="bbox 179 1946 1181 2036; baseline 0 -26"><span class='ocrx_word' id='word_1_112' title='bbox 179 2004 184 2010; x_wconf 94' lang='lat'>.</span> <span class='ocrx_word' id='word_1_113' title='bbox 249 1947 414 2036; x_wconf 76' lang='lat' dir='ltr'><strong>Quamvis</strong></span> <span class='ocrx_word' id='word_1_114' title='bbox 434 1947 538 2028; x_wconf 87' lang='lat' dir='ltr'><strong>ipsum</strong></span> <span class='ocrx_word' id='word_1_115' title='bbox 560 1946 661 2008; x_wconf 86' lang='lat' dir='ltr'><strong>Curtii</strong></span> <span class='ocrx_word' id='word_1_116' title='bbox 682 1966 762 2028; x_wconf 89' lang='lat' dir='ltr'><strong>opus</strong></span> <span class='ocrx_word' id='word_1_117' title='bbox 784 1947 1037 2028; x_wconf 87' lang='lat' dir='ltr'><strong>omnitempore</strong></span> <span class='ocrx_word' id='word_1_118' title='bbox 1060 1948 1181 2010; x_wconf 77' lang='lat' dir='ltr'><strong>eximiis</strong></span> 
     </span>
     <span class='ocr_line' id='line_1_17' title="bbox 178 2035 1181 2126; baseline -0.003 -16"><span class='ocrx_word' id='word_1_119' title='bbox 178 2039 331 2126; x_wconf 76' lang='lat' dir='ltr'><strong>leudibus</strong></span> <span class='ocrx_word' id='word_1_120' title='bbox 361 2035 557 2122; x_wconf 75' lang='lat' dir='ltr'><strong>efferretur,</strong></span> <span class='ocrx_word' id='word_1_121' title='bbox 585 2061 707 2110; x_wconf 86' lang='lat' dir='ltr'><strong>tantum</strong></span> <span class='ocrx_word' id='word_1_122' title='bbox 735 2060 839 2118; x_wconf 80' lang='lat' dir='ltr'><strong>tamen</strong></span> <span class='ocrx_word' id='word_1_123' title='bbox 869 2048 992 2126; x_wconf 83' lang='lat' dir='ltr'><strong>abfuit,</strong></span> <span class='ocrx_word' id='word_1_124' title='bbox 1024 2061 1060 2120; x_wconf 86' lang='lat' dir='ltr'><strong>u&#39;t</strong></span> <span class='ocrx_word' id='word_1_125' title='bbox 1080 2051 1110 2114; x_wconf 91' lang='lat' dir='ltr'><strong>ei</strong></span> <span class='ocrx_word' id='word_1_126' title='bbox 1130 2071 1181 2116; x_wconf 81' lang='lat' dir='ltr'><strong>re.-</strong></span> 
     </span>
     <span class='ocr_line' id='line_1_18' title="bbox 180 2151 1181 2234; baseline -0.001 -22"><span class='ocrx_word' id='word_1_127' title='bbox 180 2151 399 2234; x_wconf 79' lang='lat' dir='ltr'><strong>ppebensores</strong></span> <span class='ocrx_word' id='word_1_128' title='bbox 425 2165 459 2214; x_wconf 87' lang='lat' dir='ltr'><strong>et</strong></span> <span class='ocrx_word' id='word_1_129' title='bbox 483 2152 717 2221; x_wconf 69' lang='lat' dir='ltr'><strong>obtrectatores</strong></span> <span class='ocrx_word' id='word_1_130' title='bbox 740 2153 903 2225; x_wconf 81' lang='lat' dir='ltr'><strong>deessent,</strong></span> <span class='ocrx_word' id='word_1_131' title='bbox 930 2164 966 2211; x_wconf 90' lang='lat' dir='ltr'><strong>ut</strong></span> <span class='ocrx_word' id='word_1_132' title='bbox 986 2153 1181 2234; x_wconf 81' lang='lat' dir='ltr'><strong>quandoque</strong></span> 
     </span>
     <span class='ocr_line' id='line_1_19' title="bbox 106 2250 1181 2338; baseline -0.002 -23"><span class='ocrx_word' id='word_1_133' title='bbox 106 2250 107 2254; x_wconf 56' lang='grc'>’</span> <span class='ocrx_word' id='word_1_134' title='bbox 181 2255 220 2327; x_wconf 82' lang='lat' dir='ltr'><strong>ab</strong></span> <span class='ocrx_word' id='word_1_135' title='bbox 242 2253 441 2338; x_wconf 78' lang='lat' dir='ltr'><strong>iniquissime</strong></span> <span class='ocrx_word' id='word_1_136' title='bbox 467 2253 653 2315; x_wconf 80' lang='lat' dir='ltr'><strong>criticorum</strong></span> <span class='ocrx_word' id='word_1_137' title='bbox 681 2250 804 2332; x_wconf 83' lang='lat' dir='ltr'><strong>impetu</strong></span> <span class='ocrx_word' id='word_1_138' title='bbox 824 2253 1065 2327; x_wconf 78' lang='lat' dir='ltr'><strong>incesseretur,¹</strong></span> <span class='ocrx_word' id='word_1_139' title='bbox 1093 2254 1181 2333; x_wconf 83' lang='lat' dir='ltr'><strong>Quo·</strong></span> 
     </span>
     <span class='ocr_line' id='line_1_20' title="bbox 181 2357 1180 2440; baseline -0.009 -18"><span class='ocrx_word' id='word_1_140' title='bbox 181 2382 252 2430; x_wconf 81' lang='lat' dir='ltr'><strong>rum</strong></span> <span class='ocrx_word' id='word_1_141' title='bbox 276 2358 439 2420; x_wconf 83' lang='lat' dir='ltr'><strong>conamina</strong></span> <span class='ocrx_word' id='word_1_142' title='bbox 466 2369 500 2418; x_wconf 90' lang='lat' dir='ltr'><strong>et</strong></span> <span class='ocrx_word' id='word_1_143' title='bbox 519 2357 786 2436; x_wconf 75' lang='lat' dir='ltr'><strong>reprehensiones</strong></span> <span class='ocrx_word' id='word_1_144' title='bbox 810 2376 882 2416; x_wconf 88' lang='lat' dir='ltr'><strong>eum</strong></span> <span class='ocrx_word' id='word_1_145' title='bbox 906 2377 1002 2436; x_wconf 90' lang='lat' dir='ltr'><strong>supra</strong></span> <span class='ocrx_word' id='word_1_146' title='bbox 1025 2376 1180 2440; x_wconf 66' lang='lat' dir='ltr'><strong>caposue</strong></span> 
     </span>
     <span class='ocr_line' id='line_1_21' title="bbox 180 2447 1181 2542; baseline -0.008 -18"><span class='ocrx_word' id='word_1_147' title='bbox 180 2465 299 2540; x_wconf 81' lang='lat' dir='ltr'><strong>rimus,</strong></span> <span class='ocrx_word' id='word_1_148' title='bbox 319 2481 432 2523; x_wconf 83' lang='lat' dir='ltr'><strong>cerum</strong></span> <span class='ocrx_word' id='word_1_149' title='bbox 447 2447 449 2452; x_wconf 32' lang='lat'><strong><em>¹</em></strong></span> <span class='ocrx_word' id='word_1_150' title='bbox 465 2470 589 2534; x_wconf 89' lang='lat' dir='ltr'><strong>autem,</strong></span> <span class='ocrx_word' id='word_1_151' title='bbox 611 2459 666 2542; x_wconf 89' lang='lat' dir='ltr'><strong>qui</strong></span> <span class='ocrx_word' id='word_1_152' title='bbox 686 2459 718 2528; x_wconf 88' lang='lat' dir='ltr'><strong>in</strong></span> <span class='ocrx_word' id='word_1_153' title='bbox 739 2458 901 2540; x_wconf 77' lang='lat' dir='ltr'><strong>scriptore</strong></span> <span class='ocrx_word' id='word_1_154' title='bbox 923 2456 1112 2527; x_wconf 79' lang='lat' dir='ltr'><strong>dilaudande</strong></span> <span class='ocrx_word' id='word_1_155' title='bbox 1134 2457 1181 2516; x_wconf 89' lang='lat' dir='ltr'><strong>iu·</strong></span> 
     </span>
     <span class='ocr_line' id='line_1_22' title="bbox 181 2559 1181 2646; baseline -0.008 -20"><span class='ocrx_word' id='word_1_156' title='bbox 181 2578 395 2646; x_wconf 79' lang='lat' dir='ltr'><strong>temperantes</strong></span> <span class='ocrx_word' id='word_1_157' title='bbox 417 2564 547 2629; x_wconf 86' lang='lat' dir='ltr'><strong>modum</strong></span> <span class='ocrx_word' id='word_1_158' title='bbox 562 2561 767 2639; x_wconf 72' lang='lat' dir='ltr'><strong>eacederent,</strong></span> <span class='ocrx_word' id='word_1_159' title='bbox 788 2562 1040 2645; x_wconf 78' lang='lat' dir='ltr'><strong>praedicationes</strong></span> <span class='ocrx_word' id='word_1_160' title='bbox 1060 2571 1092 2618; x_wconf 87' lang='lat' dir='ltr'><strong>et</strong></span> <span class='ocrx_word' id='word_1_161' title='bbox 1115 2559 1181 2618; x_wconf 88' lang='lat' dir='ltr'><strong>ele-</strong></span> 
     </span>
     <span class='ocr_line' id='line_1_23' title="bbox 181 2659 1180 2758; baseline -0.006 -30"><span class='ocrx_word' id='word_1_162' title='bbox 181 2668 382 2758; x_wconf 66' lang='lat' dir='ltr'><strong>gia&#39;nulium</strong></span> <span class='ocrx_word' id='word_1_163' title='bbox 407 2688 500 2736; x_wconf 81' lang='lat' dir='ltr'><strong>usum</strong></span> <span class='ocrx_word' id='word_1_164' title='bbox 527 2665 665 2726; x_wconf 84' lang='lat' dir='ltr'><strong>habeant</strong></span> <span class='ocrx_word' id='word_1_165' title='bbox 691 2659 754 2744; x_wconf 73' lang='lat' dir='ltr'><strong>a9),</strong></span> <span class='ocrx_word' id='word_1_166' title='bbox 794 2665 869 2726; x_wconf 87' lang='lat' dir='ltr'><strong>huic</strong></span> <span class='ocrx_word' id='word_1_167' title='bbox 910 2665 957 2725; x_wconf 86' lang='lat' dir='ltr'><strong>rei</strong></span> <span class='ocrx_word' id='word_1_168' title='bbox 1002 2662 1180 2744; x_wconf 77' lang='lat' dir='ltr'><strong>pensandae</strong></span> 
     </span>
     <span class='ocr_line' id='line_1_24' title="bbox 181 2766 1181 2846; baseline -0.006 -14"><span class='ocrx_word' id='word_1_169' title='bbox 181 2793 245 2836; x_wconf 89' lang='lat' dir='ltr'><strong>nen</strong></span> <span class='ocrx_word' id='word_1_170' title='bbox 266 2768 527 2836; x_wconf 79' lang='lat' dir='ltr'><strong>immoremuret</strong></span> <span class='ocrx_word' id='word_1_171' title='bbox 548 2786 626 2846; x_wconf 84' lang='lat' dir='ltr'><strong>prae</strong></span> <span class='ocrx_word' id='word_1_172' title='bbox 651 2767 796 2835; x_wconf 82' lang='lat' dir='ltr'><strong>omnibus</strong></span> <span class='ocrx_word' id='word_1_173' title='bbox 830 2769 913 2828; x_wconf 65' lang='lat' dir='ltr'><strong>Fieri.</strong></span> <span class='ocrx_word' id='word_1_174' title='bbox 942 2766 1124 2826; x_wconf 70' lang='lat' dir='ltr'><strong>Schnn&#39;cdeia</strong></span> <span class='ocrx_word' id='word_1_175' title='bbox 1143 2766 1181 2826; x_wconf 87' lang='lat' dir='ltr'><strong>de</strong></span> 
     </span>
     <span class='ocr_line' id='line_1_25' title="bbox 183 2869 1181 2950; baseline -0.001 -19"><span class='ocrx_word' id='word_1_176' title='bbox 183 2895 222 2936; x_wconf 84' lang='lat' dir='ltr'><strong>ee</strong></span> <span class='ocrx_word' id='word_1_177' title='bbox 237 2870 399 2944; x_wconf 82' lang='lat' dir='ltr'><strong>iudicium,</strong></span> <span class='ocrx_word' id='word_1_178' title='bbox 419 2869 563 2929; x_wconf 86' lang='lat' dir='ltr'><strong>neutrius</strong></span> <span class='ocrx_word' id='word_1_179' title='bbox 584 2869 684 2950; x_wconf 90' lang='lat' dir='ltr'><strong>partis</strong></span> <span class='ocrx_word' id='word_1_180' title='bbox 714 2869 957 2949; x_wconf 83' lang='lat' dir='ltr'><strong>praeoccupatis</strong></span> <span class='ocrx_word' id='word_1_181' title='bbox 980 2871 1181 2950; x_wconf 76' lang='lat' dir='ltr'><strong>opinionibus</strong></span> 
     </span>
     <span class='ocr_line' id='line_1_26' title="bbox 182 2953 1181 3055; baseline 0 -23"><span class='ocrx_word' id='word_1_182' title='bbox 182 2973 336 3032; x_wconf 85' lang='lat' dir='ltr'><strong>infectum</strong></span> <span class='ocrx_word' id='word_1_183' title='bbox 357 2991 462 3055; x_wconf 85' lang='lat' dir='ltr'><strong>neque</strong></span> <span class='ocrx_word' id='word_1_184' title='bbox 485 2987 718 3053; x_wconf 85' lang='lat' dir='ltr'><strong>corrumptum,</strong></span> <span class='ocrx_word' id='word_1_185' title='bbox 740 2953 923 3046; x_wconf 78' lang='lat' dir='ltr'><strong>affsrsm&#39;us,</strong></span> <span class='ocrx_word' id='word_1_186' title='bbox 945 2992 1010 3055; x_wconf 83' lang='lat' dir='ltr'><strong>quo</strong></span> <span class='ocrx_word' id='word_1_187' title='bbox 1032 2972 1181 3050; x_wconf 85' lang='lat' dir='ltr'><strong>ostendit,</strong></span> 
     </span>
     <span class='ocr_line' id='line_1_27' title="bbox 183 3051 1181 3160; baseline -0.001 -24"><span class='ocrx_word' id='word_1_188' title='bbox 183 3076 292 3160; x_wconf 86' lang='lat' dir='ltr'><strong>quanti</strong></span> <span class='ocrx_word' id='word_1_189' title='bbox 314 3077 380 3142; x_wconf 87' lang='lat' dir='ltr'><strong>eius</strong></span> <span class='ocrx_word' id='word_1_190' title='bbox 402 3076 532 3137; x_wconf 85' lang='lat' dir='ltr'><strong>historia</strong></span> <span class='ocrx_word' id='word_1_191' title='bbox 555 3051 746 3136; x_wconf 76' lang='lat' dir='ltr'><strong>aestibaanda</strong></span> <span class='ocrx_word' id='word_1_192' title='bbox 768 3075 815 3138; x_wconf 81' lang='lat' dir='ltr'><strong>sit.</strong></span> <span class='ocrx_word' id='word_1_193' title='bbox 839 3076 999 3158; x_wconf 87' lang='lat' dir='ltr'><strong>Principio</strong></span> <span class='ocrx_word' id='word_1_194' title='bbox 1014 3075 1181 3153; x_wconf 74' lang='lat' dir='ltr'><strong>librorum,</strong></span> 
     </span>
     <span class='ocr_line' id='line_1_28' title="bbox 95 3179 1181 3262; baseline 0.002 -24"><span class='ocrx_word' id='word_1_195' title='bbox 95 3196 98 3206; x_wconf 77' lang='grc'>’</span> <span class='ocrx_word' id='word_1_196' title='bbox 184 3180 238 3240; x_wconf 88' lang='lat' dir='ltr'><strong>ubi</strong></span> <span class='ocrx_word' id='word_1_197' title='bbox 259 3179 396 3240; x_wconf 88' lang='lat' dir='ltr'><strong>sortasse</strong></span> <span class='ocrx_word' id='word_1_198' title='bbox 419 3181 459 3240; x_wconf 88' lang='lat' dir='ltr'><strong>de</strong></span> <span class='ocrx_word' id='word_1_199' title='bbox 482 3179 613 3240; x_wconf 81' lang='lat' dir='ltr'><strong>consilio</strong></span> <span class='ocrx_word' id='word_1_200' title='bbox 635 3196 701 3252; x_wconf 76' lang='lat' dir='ltr'><strong>sno‘</strong></span> <span class='ocrx_word' id='word_1_201' title='bbox 715 3180 894 3262; x_wconf 84' lang='lat' dir='ltr'><strong>scripserat,</strong></span> <span class='ocrx_word' id='word_1_202' title='bbox 915 3181 1054 3262; x_wconf 86' lang='lat' dir='ltr'><strong>perdito,</strong></span> <span class='ocrx_word' id='word_1_203' title='bbox 1077 3200 1115 3240; x_wconf 88' lang='lat' dir='ltr'><strong>ex</strong></span> <span class='ocrx_word' id='word_1_204' title='bbox 1129 3199 1181 3256; x_wconf 89' lang='lat' dir='ltr'><strong>eo,</strong></span> 
     </span>
    </p>
   </div>
   <div class='ocr_carea' id='block_1_6' title="bbox 201 3310 370 3322">
    <p class='ocr_par' dir='ltr' id='par_1_7' title="bbox 201 3310 370 3322">
     <span class='ocr_line' id='line_1_29' title="bbox 201 3310 370 3322; baseline -0.006 0"><span class='ocrx_word' id='word_1_205' title='bbox 201 3310 370 3322; x_wconf 57' lang='grc' dir='ltr'><strong>-η--σ</strong></span> 
     </span>
    </p>
   </div>
   <div class='ocr_carea' id='block_1_7' title="bbox 187 3363 1179 3505">
    <p class='ocr_par' dir='ltr' id='par_1_8' title="bbox 187 3363 1179 3505">
     <span class='ocr_line' id='line_1_30' title="bbox 187 3363 1179 3491; baseline -0.01 -71"><span class='ocrx_word' id='word_1_206' title='bbox 187 3437 194 3483; x_wconf 63' lang='grc'>1</span> <span class='ocrx_word' id='word_1_207' title='bbox 237 3369 282 3436; x_wconf 82' lang='lat'><strong>39)</strong></span> <span class='ocrx_word' id='word_1_208' title='bbox 302 3369 338 3419; x_wconf 85' lang='lat' dir='ltr'><strong>Ea</strong></span> <span class='ocrx_word' id='word_1_209' title='bbox 355 3370 471 3491; x_wconf 65' lang='lat' dir='ltr'><strong>choHrctu</strong></span> <span class='ocrx_word' id='word_1_210' title='bbox 490 3377 550 3418; x_wconf 76' lang='lat' dir='ltr'><strong>sunt</strong></span> <span class='ocrx_word' id='word_1_211' title='bbox 574 3367 599 3416; x_wconf 87' lang='lat' dir='ltr'><strong>in</strong></span> <span class='ocrx_word' id='word_1_212' title='bbox 624 3367 708 3418; x_wconf 82' lang='lat' dir='ltr'><strong>Curtii</strong></span> <span class='ocrx_word' id='word_1_213' title='bbox 728 3366 791 3416; x_wconf 82' lang='lat' dir='ltr'><strong>edit.</strong></span> <span class='ocrx_word' id='word_1_214' title='bbox 810 3366 884 3416; x_wconf 82' lang='lat' dir='ltr'><strong>Frsb.</strong></span> <span class='ocrx_word' id='word_1_215' title='bbox 905 3364 1091 3429; x_wconf 70' lang='lat' dir='ltr'><strong>Suakcnborg.</strong></span> <span class='ocrx_word' id='word_1_216' title='bbox 1112 3363 1179 3412; x_wconf 82' lang='lat' dir='ltr'><strong>Pre-</strong></span> 
     </span>
     <span class='ocr_line' id='line_1_31' title="bbox 198 3447 388 3505; baseline 0.005 -19"><span class='ocrx_word' id='word_1_217' title='bbox 198 3453 256 3503; x_wconf 74' lang='lat' dir='ltr'><strong>egg.</strong></span> <span class='ocrx_word' id='word_1_218' title='bbox 276 3455 335 3505; x_wconf 83' lang='lat' dir='ltr'><strong>cop.</strong></span> <span class='ocrx_word' id='word_1_219' title='bbox 369 3447 388 3487; x_wconf 78' lang='grc'><strong>’.</strong></span> 
     </span>
    </p>
   </div>
   <div class='ocr_carea' id='block_1_8' title="bbox 0 0 1327 3860">
    <p class='ocr_par' dir='ltr' id='par_1_9' title="bbox 0 0 1327 3860">
     <span class='ocr_line' id='line_1_32' title="bbox 0 0 1327 3860; baseline 0 0"><span class='ocrx_word' id='word_1_220' title='bbox 0 0 1327 3860; x_wconf 95' lang='lat' dir='ltr'><strong> </strong></span> 
     </span>
    </p>
   </div>
  </div>
 </body>
</html>
