2636 3860
189 303 293 367 xxiv
501 255 544 360 riu
566 321 595 380 o.
612 317 737 360 orario
758 272 857 362 runo·

189 461 389 524 statuendum
407 460 479 524 erit.
494 465 495 470 ’
508 458 615 523 Nolim
629 427 719 520 'enim
729 464 813 540 'post
838 441 960 522 obitum
976 456 1058 522 caii·
1068 468 1109 518 et
1122 457 1186 518 Lu-

188 565 228 626 cii
250 564 420 623 Caesarum
441 571 485 640 [a.
507 562 620 638 75511.
641 561 890 642 o.),proptersa
919 559 1008 643 quod
1036 559 1186 620 Tiberius

187 669 297 745 Nero,
324 666 363 726 ab
390 667 537 749 Augusto
567 663 754 746 adoptatus,
795 661 846 723 vir
876 660 962 724 dorni
988 653 1184 746 militiaeque

191 769 314 846 olarus,
344 769 479 831 ¹videtur
508 767 683 833 accuratius
710 765 864 847 appellari
893 765 1059 842 debuisse,
1090 787 1186 848 quam
1283 835 1287 843 Ι

140 888 144 893 ·
187 883 299 932 auctor
319 893 382 934 uno
406 870 506 932 verbo
525 869 721 952 posteritatis
741 867 819 930 serit
848 865 908 943 Ἧι
941 871 1082 949 Exeipiet
1096 870 1186 930 dutus
1227 904 1232 916 ι

186 973 280 1032 seculi
309 983 444 1052 temporo
476 971 604 1030 'eiusdem
636 969 755 1038 domus,
788 977 918 1032 utinam,
933 981 1093 1048 perpetua,
1119 989 1185 1031 cers

187 1085 217 1132 te
243 1074 382 1134 diuturna
401 1081 576 1155 posteritas.
623 1073 722 1132 Immo
749 1071 826 1130 nihil
856 1070 1006 1154 impedit,
1040 1093 1105 1155 quo
1127 1075 1185 1134 mi-

137 1185 139 1216 2
186 1188 244 1236 nus
266 1163 413 1238 Curtium
434 1175 488 1236 vel
510 1185 581 1236 ante
600 1174 745 1235 Latronis
766 1185 903 1236 mortem
922 1173 1087 1236 historiam
1100 1165 1184 1237 'oon-

189 1277 354 1358 seripsisse
376 1290 536 1360 putemus,
558 1289 594 1339 ut
612 1297 731 1359 pueros
753 1278 924 1349 Caesares,
952 1297 994 1342 ne
1014 1278 1041 1340 si
1061 1279 1185 1342 adulari

185 1379 444 1461 quidem'vellet,
468 1379 560 1440 aliter
581 1378 744 1460 appellare
767 1379 955 1461 potuisset.“
1070 1439 1072 1444 ,

188 1514 193 1522 .
252 1484 367 1559 „Num
388 1495 492 1545 autem
511 1481 563 1542 hie
580 1480 622 1566 Q
631 1481 757 1542 Curtius
773 1481 878 1544 Rulirs
897 1481 1012 1544 rhetor
1031 1491 1065 1542 et
1083 1479 1183 1541 histo,

184 1583 268 1647 ricus
290 1584 374 1646 idem
393 1586 504 1662 fuerit,
526 1605 622 1668 quem
643 1585 771 1646 Tacitus
792 1583 917 1646 Annall.
938 1583 1021 1650 libro
1050 1586 1115 1663 XI,
1143 1603 1183 1648 eo
1237 1651 1251 1668 Ι

184 1705 275 1768 seqq.
300 1686 469 1780 admodum
491 1706 600 1749 senem
621 1686 790 1748 Consulem
812 1686 945 1766 factum,
967 1699 1093 1748 stanno
1107 1690 1182 1752 800.

90 1840 93 1852 ,
182 1787 214 1846 in
236 1787 405 1850 Germania
424 1787 577 1869 triumphi
604 1791 737 1872 insignia
764 1790 936 1874 meruisse,
963 1803 1127 1871 postremo
1149 1791 1182 1852 ln

183 1874 294 1953 Africa
323 1893 556 1954 Proconsulem
590 1892 696 1952 obisse
729 1891 880 1967 tradidit,
919 1914 1020 1975 *quam
1056 1901 1182 1952 senten-

183 1993 263 2054 tiam
283 1994 400 2054 aeriter
420 1993 604 2074 nuperrime
625 1992 748 2054 Hirtius
771 1991 818 2072 22)
845 1991 1006 2070 defendit,
1031 1992 1182 2076 equidem
1221 1983 1226 1996 ’

182 2115 247 2156 non
269 2095 419 2156 diiudioo.
453 2097 488 2154 In
508 2107 612 2178 aetate
632 2095 711 2157 nihil
732 2115 926 2178 magnopere
948 2107 996 2156 est
1016 2095 1104 2178 quod
1118 2093 1182 2154 ob-

184 2205 257 2274 stet,
276 2217 348 2256 nam
372 2196 427 2278 qui
449 2195 575 2293 Christo
600 2212 749 2262 nascente
775 2197 905 2281 triginta
931 2217 1085 2258 annorum
1103 2194 1184 2282 fuis-¹

183 2310 241 2378 set,
262 2299 366 2380 potuit
385 2299 412 2366 is
424 2311 557 2384 septem
577 2315 611 2366 et
628 2303 838 2388 'quadraginta
863 2297 948 2363 annis
968 2313 1053 2384 post,
1074 2320 1183 2379 senex,

189 2465 376 2478 ...αι-ιιι·-

183 2629 200 2678 d
234 2562 278 2631 21)
296 2569 432 2681 {aasentit
448 2569 639 2634 Buttmannus3
657 2577 771 2636 uterque
782 2577 885 2624 ¹contra
902 2567 1027 2632 Hirtium,
1045 2579 1126 2640 quem
1142 2563 1179 2614 vi·

203 2645 261 2696 ep.
281 2639 292 2686 1
314 2668 320 2681 .
340 2651 368 2683 se
390 2670 397 2684 .

231 2697 274 2764 ua)
293 2701 331 2748 Ex
349 2649 435 2755 adime
453 2706 523 2764 enim
540 2704 626 2754 Curtii
650 2703 730 2752 etiam
753 2701 787 2754 de
811 2704 880 2752 vitae
899 2700 1056 2754 conditione
1073 2701 1178 2751 iudica·

182 2773 234 2816 tur.
271 2767 369 2816 Hirtius
389 2771 468 2834 igitur
493 2771 622 2832 affirmat,
640 2769 776 2834 Curtium,
792 2785 871 2836 quem
887 2770 999 2820 Tacitus
1020 2769 1116 2816 Annal.
1138 2781 1179 2830 11,

183 2847 224 2896 ιι,
244 2834 344 2883 Plinius
363 2835 445 2904 Epist.
469 2854 494 2902 7,
514 2852 545 2901 27
562 2845 588 2888 et
600 2836 742 2886 Suetonius
755 2838 782 2886 in
796 2837 919 2901 catalogo
933 2837 1022 2886 liliett.
1036 2837 1180 2885 illustrium

183 2910 345 2962 memorant,
363 2904 478 2956 eundem
499 2903 634 2954 hominem
651 2905 791 2970 ipsumque
811 2921 867 2954 esse
889 2904 934 2968 qui
958 2903 1097 2962 historiam
1114 2903 1178 2954 Ale·

171 2967 439 3037 'sandriscripserit
477 2971 603 3039 Sequitur
635 2972 705 3022 enim
728 2972 756 3018 in
774 2971 822 3021 illo
840 2969 911 3039 apud
930 2966 1087 3020 Suetonium
1107 2978 1178 3020 cata-

182 3035 245 3099 logo
267 3034 373 3088 Curtius
392 3038 422 3087 L.
443 3038 581 3088 Casstium
599 3039 675 3088 Pium
692 3045 719 3088 et
735 3037 780 3093 M,
795 3038 923 3090 Porioum
941 3036 1090 3087 Latronem
1109 3051 1179 3102 quo·

182 3103 307 3166 rumille
326 3105 352 3154 in
369 3107 503 3156 tricesimo
522 3107 621 3172 primo,
641 3105 685 3156 hic
702 3107 729 3154 iu
749 3105 951 3172 quadragesimo
977 3105 1087 3170 Augusti
1106 3119 1178 3154 anno

182 3169 323 3236 ponendus
341 3178 389 3238 est,
409 3175 480 3224 unde
496 3175 628 3239 sequitur,
647 3173 769 3223 Curtium
785 3173 931 3225 Rhetorom
954 3187 1009 3221 non
1029 3178 1090 3222 ante
1109 3187 1179 3237 qua‘

183 3237 360 3303 dragesimam
379 3241 458 3308 primi
477 3240 658 3290 Romanorum
671 3242 800 3310 principis
819 3256 918 3292 annum
933 3237 1091 3309 'ponendum
1109 3253 1177 3302 esse;

181 3321 269 3370 neque
287 3323 350 3357 vero
365 3310 440 3358 illum
460 3310 543 3364 multo
562 3317 624 3376 post
643 3309 696 3360 hoo
714 3316 819 3378 tempus
837 3309 958 3361 floruisse
976 3305 1056 3356 statui
1077 3313 1176 3373 potest,
1216 3305 1218 3310 ’

181 3387 273 3436 qum,
289 3376 334 3442 qui
353 3377 413 3428 euirt
430 3375 558 3428 continuo
577 3381 768 3445 sequeremur,
795 3383 855 3427 tute
879 3373 1021 3426 Claudium
1039 3379 1065 3424 st
1081 3373 1169 3424 Nero·
