2660 3864
192 344 226 398 90
379 367 399 386 ,ι
448 365 450 370 -
522 325 525 336 ’
564 332 831 388 tramitelimen
874 355 877 360 ·

189 505 277 568 pore
300 479 360 559 ²7),
381 483 656 568 quia'Alexandro
681 483 804 564 petenti
826 483 945 566 aliquid
968 483 1127 568 denegare
1150 508 1202 547 ar-

195 567 292 625 duum
323 576 410 640 erat,
444 565 567 647 legatus
596 583 709 624 eorum
737 563 777 622 ad
799 564 1012 626 adulationem
1035 565 1202 647 confugit,

195 667 259 726 qua
287 645 422 706 maxime
449 643 692 725 expugnabilem
713 655 822 720 norat,
850 644 1009 728 dixitque,
1039 644 1201 708 dedecere

193 725 321 785 'culmen
344 725 459 806 ipsius,
495 724 521 784 si
542 725 611 784 Diis
638 723 757 806 aliquid
785 735 1007 794 consecraret,
1037 727 1202 806 cumipse

135 868 139 876 ,
194 805 284 864 Deus
308 817 406 865 ess'et:
434 825 506 864 nam
534 825 607 866 eum
629 803 786 864 honorem
813 803 851 862 ab
878 802 1058 864 hominibus
1086 803 1203 866 haberi

193 884 312 967 potiori
333 895 475 946 naturae.
517 884 564 960 Ea
586 883 709 964 gloriae
731 881 892 943 contentio
921 882 1005 943 inter
1030 884 1202 946 maximum

190 985 307 1046 rogem
334 973 368 1024 et
394 985 488 1024 unam
516 963 675 1023 civitatem
703 962 773 1026 fuit.
816 961 1032 1042 Obtinuerunt
1051 963 1202 1042 Ephesii;

190 1053 229 1104 ¹'st
250 1043 431 1103 maluerunt
453 1041 573 1124 ingenti

193 1122 305 1203 templi
335 1122 531 1204 titulo'regi
560 1063 689 1187 cedere.
730 1123 809 1180 Nam
840 1133 975 1204 quantos
1003 1121 1034 1180 in
1061 1123 1094 1182 id
1118 1145 1201 1204 opus

195 1213 317 1262 sumtus
340 1201 549 1278 contulerint,
572 1201 623 1261 vel
650 1221 690 1260 ex
710 1224 771 1260 una
792 1200 899 1261 tabula
920 1200 1085 1262 aestimare
1106 1201 1202 1280 licet,

195 1299 197 1308 ¹
220 1303 292 1342 uam
312 1281 356 1341 ibi
380 1281 619 1354 dedicaverunt,
640 1281 751 1363 viginti
773 1281 899 1342 talentis
922 1280 991 1340 auri
1011 1281 1202 1346 redemtam.

194 1305 377 1424 Alexander
408 1373 478 1422 erat
503 1357 569 1440 28),
600 1359 723 1422 fulmen
743 1373 998 1442 tenens,'quem
1027 1360 1225 1424 inimitabili.

191 1441 386 1502 dexteritate
409 1441 539 1522 Apelles
564 1453 786 1520 expresserat,
810 1453 949 1523 quatuor
969 1450 1092 1501 tantum
1113 1441 1202 1502 colo-

140 1577 141 1584 ,
196 1521 285 1582 ribus
306 1541 399 1597 usus,
428 1542 492 1604 quo
514 1519 612 1580 maius
633 1521 744 1600 peritis
766 1519 952 1580 miraculum
975 1532 1070 1586 esset.

275 1602 344 1665 vll.
378 1599 444 1660 Sub
465 1600 550 1660 idem
565 1611 692 1682 tempus
714 1599 741 1672 ¹]
764 1600 883 1682 antiqui
897 1598 1077 1680 splendoris
1091 1599 1204 1662 sedem

192 1679 357 1760 Smyrnaei
380 1691 595 1760 receperunt,
627 1688 814 1761 postquam,
842 1679 1006 1760 Lydorum
1031 1679 1125 1740 armis
1149 1700 1203 1741 ex·

196 1761 260 1821 cisa
281 1771 394 1822 vetere
415 1758 564 1840 Smyrna,
594 1758 841 1841 quadringentos
871 1778 932 1839 per
953 1779 1049 1819 annos
1072 1759 1203 1821 vicatim

194 1839 430 1903 habitavissent.
471 1839 624 1901 Restituit
653 1859 722 1904 eam
741 1858 800 1898 rex
829 1836 942 1920 viginti
969 1836 1072 1898 ferme
1094 1839 1202 1900 stadiis

190 1934 213 1980 ‘a
242 1919 311 1980 solo
342 1919 489 2002 antiquae
519 1917 627 1992 urbis,
656 1918 778 1977 somnio
809 1919 958 1981 monitus.
1007 1916 1138 1978 Solebat
1170 1919 1201 1997 ⁹)

197 1997 397 2072 Alexander,
425 2017 497 2058 cum
520 2016 537 2055 a
557 1997 731 2058 maioribus
759 1998 896 2078 negotiis
924 2009 1070 2074 vacaret,
1101 1998 1203 2058 otium

190 2075 341 2140 tenendo
369 2075 520 2139 eximere.
570 2078 671 2138 Forte
700 2077 842 2138 exercito
873 2096 1011 2156 corpore
1038 2075 1141 2137 fessus
1170 2079 1203 2138 in

197 2159 243 2218 Pa
268 2177 286 2218 o
309 2167 417 2216 monte
441 2155 696 2226 obdormiverat:
723 2156 768 2215 ibi
796 2177 856 2236 per
879 2157 1021 2238 quietem
1047 2157 1132 2218 visus
1154 2171 1203 2218 est

196 2175 306 2299 accline
326 2238 498 2312 Nemeses,
536 2243 696 2330 (quarum
723 2235 755 2301 in
784 2238 931 2316 proximo
958 2234 1066 2295 fanum
1093 2245 1201 2313 erat,]

195 2319 408 2398 imperantes,
435 2327 472 2376 ut
501 2335 540 2377 eo
566 2335 638 2395 rpso
660 2316 733 2384 loco
761 2314 877 2376 urbem
904 2315 1074 2390 conderet,
1095 2317 1201 2398 ‚inque

197 2419 267 2459 eam
287 2393 477 2476 smyrnaeos
505 2395 693 2460 deduceret.
735 2395 772 2455 ld
792 2395 982 2456 insomnium
1009 2417 1083 2455 mox
1105 2396 1202 2456 Clarii

196 2477 353 2558 Apollinis
376 2476 541 2536 oraculum
563 2473 778 2548 confirmavit,
808 2476 986 2554 Smyrnaeis
1011 2475 1202 2535 consulenti-

197 2557 257 2618 bus
278 2576 436 2638 prospere
468 2574 627 2621 cessuram
660 2555 879 2636 migrationem
908 2555 1106 2636 promittens.
1156 2557 1202 2616 lta

197 2634 402 2696 fundamenta
426 2632 456 2708 3)
485 2653 587 2696 norae
614 2634 703 2692 urbis
731 2635 867 2713 imperio
897 2635 983 2715 regis
1011 2634 1090 2694 iacta
1113 2645 1202 2705 sunt3

199 2715 363 2774 absolutae
386 2714 520 2794 gloriani
541 2713 720 2792 Antigonus
741 2713 832 2788 tulit,
863 2734 935 2774 cum
962 2715 1064 2806 ipsum
1092 2715 1201 2794 paullo

196 2805 271 2876 post
292 2792 474 2854 Alexander
494 2793 612 2870 Lydiae
634 2791 858 2928 Phrggiacque
892 2805 924 2853 et
951 2791 1063 2855 meinis
1095 2794 1202 2873 regio·

196 2873 288 2934 nibus
330 2872 580 2956 praeposuisset.
628 2873 663 2930 In
718 2891 866 2950 myrnaeo
904 2877 972 2934 sinu
1007 2873 1202 2934 Clazomenii

206 3033 392 3050 ——d--—-=—-

251 3148 294 3220 273
313 3149 454 3214 Pausanias
473 3152 521 3206 tib.
541 3167 564 3218 7.
585 3151 682 3204 Strabo
702 3153 750 3208 lib.
772 3149 812 3216 14.

192 3253 195 3260 .
254 3217 298 3284 28)
317 3219 417 3270 Plinius
436 3221 479 3284 25,
502 3232 541 3283 ιο,
561 3221 602 3272 33.

271 3285 295 3351 ι)
316 3287 413 3340 Strabo
435 3287 480 3341 lib.
504 3286 544 3350 14.
600 3299 604 3310 ·

266 3371 281 3406 a
312 3355 447 3407 Plutarch.
469 3373 492 3408 c.
513 3360 554 3420 39.
574 3356 685 3405 Pausan.
705 3357 754 3406 lib.
777 3372 800 3422 7.
1144 3387 1147 3391 -

266 3425 280 3473 3
314 3423 410 3476 Strabo
429 3423 478 3474 lib.
499 3422 539 3486 14.
561 3422 668 3472 Curtius
687 3422 712 3488 4,
730 3435 758 3489 a,
778 3425 822 3488 35,
839 3418 946 3473 Arriam
965 3429 989 3486 l,
1008 3423 1033 3486 8,
1055 3437 1097 3488 27.

627 1042 737 1102 eeunia
759 1061 889 1117 carere,
920 1062 1014 1123 quam
1038 1042 1202 1104 instaurati
1294 1092 1299 1112 ,
