2660 3864
391 325 508 379 soret.
528 323 564 372 ut
584 321 616 390 Q.
639 321 795 372 cenatum
815 305 844 370 t.
864 323 885 375 1,
1095 330 1133 388 ,aa

143 473 241 564 Quod
262 493 335 536 cum
354 468 535 533 Alexandro
551 469 719 532 molestum
735 469 908 547 accideret,
928 467 1047 534 urbane
1062 469 1167 534 ado-x

140 557 313 618 lescentem
334 549 507 633 corripuit,
530 548 696 630 hortatus,
723 562 774 630 ut,
802 549 925 613 multos.
940 549 1067 634 imperii
1087 573 1137 614 ae·

138 636 242 698 mulos
262 633 443 710 habiturus,
465 652 597 713 operam
619 631 727 707 daret,
753 653 819 716 quo
850 632 994 694 omnibus
1022 633 1137 694 melior

140 713 433 800 praestantiorque,
466 732 530 771 non
560 713 603 774 ob
631 712 815 794 Philippum
841 724 984 795 patrem,
1011 713 1068 774 sed
1098 734 1137 774 ex

138 816 198 858 suo
222 795 346 872 merito,
367 814 476 854 rerum
493 792 593 874 potiri
621 793 794 859 videretur.
842 795 921 854 Cum
951 805 1057 854 autem
1095 794 1137 858 ob

141 875 199 937 has
227 873 411 958 similesque
438 892 549 934 causas,
575 872 689 944 crebra
718 871 897 940 inciderent
923 873 1043 957 iurgia,
1078 895 1138 936 nec

137 957 273 1034 abrupta
287 956 384 1016 semel
399 953 621 1020 benevolentia
642 950 706 1014 fido
729 951 848 1014 allecta
868 953 1075 1032 coalesceret,
1098 955 1138 1016 ad

139 1049 284 1098 extrema
304 1034 445 1117 prolapsi
463 1047 535 1100 sunt
541 1055 550 1112 3
575 1033 747 1116 praecipua
765 1032 960 1115 Olympiadis
976 1035 1138 1113 violentia,

136 1117 254 1199 inqua
277 1115 508 1178 contumaciam
536 1135 629 1176 sexus
657 1114 816 1198 ingenium
843 1126 968 1180 vastum
989 1127 1022 1176 et
1041 1115 1137 1178 vehe-

137 1217 226 1258 mens
249 1196 331 1258 virili
344 1197 476 1262 'scelere
497 1195 528 1255 in
544 1195 714 1258 vindictam
729 1193 878 1259 armabat.
912 1190 1138 1257 stimulaverat

82 1293 85 1298 ’
140 1275 187 1356 ¹¹)
210 1297 246 1338 ea
266 1276 402 1346 fratrem
421 1276 656 1354 Alexandrum,
681 1287 717 1335 ut
736 1273 887 1356 Philippo
907 1276 1030 1336 bellurn
1050 1276 1136 1338 face·

134 1369 201 1422 ret.
242 1356 340 1418 Idne
365 1356 467 1416 alieno
491 1367 639 1447 tempore
660 1354 810 1436 excipere
833 1367 1025 1436 cogeretur,
1052 1357 1136 1417 calli·

135 1435 301 1512 dusrrex,
329 1457 519 1518 quamquam
539 1434 659 1496 viribus
680 1435 752 1516 plus
777 1446 915 1516 poterat,
935 1434 1058 1496 firmata
1077 1457 1138 1516 per

134 1538 254 1577 novam
281 1512 467 1577 affinitatem
497 1514 598 1597 gratia
619 1513 809 1596 praevenire
829 1513 960 1592 studuit,
982 1514 1138 1597 desponsa

137 1595 294 1677 Epirotae
316 1595 490 1662 Alexandri
533 1616 682 1664 armana„
708 1595 884 1676 Cleopatra
919 1593 970 1656 Ad
991 1595 1067 1656 istas
1089 1589 1134 1676 ¹²)

137 1676 264 1756 nuptias
284 1674 491 1737 celebrandas
510 1617 714 1744 dnitimarum
741 1675 881 1757 gentium
907 1674 1012 1759 reguli
1040 1677 1137 1738 Grae-

138 1777 248 1818 carum
294 1755 505 1828 scivitatmn
528 1756 625 1837 legati
645 1755 830 1849 frequentes
853 1756 963 1837 Aegas
980 1776 1137 1818 convene-

138 1847 222 1898 rant.
243 1837 256 1894 1
300 1835 453 1921 oppidum
474 1837 618 1919 elegerat
637 1835 815 1976 Philippus,
833 1854 897 1896 non
911 1837 978 1897 sine
990 1837 1138 1981 Quodam

138 1915 244 1977 omine
266 1927 389 1994 eorum,
435 1937 493 1977 uae
512 1926 626 2000 postea
649 1937 715 1978 acca
739 1931 813 1978 ere:
835 1937 908 1978 nam
926 1916 971 1978 ibi
1024 1916 1138 1978 acedo-

136 2018 214 2057 num
234 2017 334 2080 reges.
352 1939 482 2079 sepiliri
501 2017 574 2059 mos
591 2008 670 2064 erat.
698 1999 820 2065 Ferunt
840 1996 935 2057 etiam
960 1996 1018 2077 ¹³),
1039 1997 1137 2080 Apol·

136 2075 234 2138 linem
254 2077 447 2160 Delphicum
470 2076 511 2140 de
532 2077 620 2140 bello
637 2077 768 2144 Persico
783 2077 960 2139 consulenti
979 2090 1138 2140 maturum

137 2156 301 2220 interitum
326 2159 487 2223 cecinisse.
527 2156 593 2220 Sed
614 2158 818 2240 ambiguum,
843 2169 879 2217 ut
898 2178 968 2220 mos
989 2159 1136 2230 oraculis,

137 2255 327 2319 responsum
358 2238 525 2322 Philippus
553 2238 593 2298 ed
621 2237 831 2300 harbarorum
866 2237 993 2298 exitium
1022 2237 1137 2300 blanda

138 2315 404 2399 interpretatione
431 2331 581 2380 traxerat.
605 2319 676 2388 Alia
701 2339 831 2402 quoque
850 2317 1034 2398 praesagia,
1078 2340 1136 2380 uae

138 2406 204 2456 tum
223 2419 322 2462 nemo
346 2399 630 2472 animadverterat,
662 2411 795 2470 eventus
823 2396 1021 2456 monstravit.
1090 2410 1138 2458 rat

138 2474 223 2536 inter
242 2479 393 2539 custodes
416 2477 500 2559 regii
519 2494 575 2537 cor
599 2476 666 2540 oris
684 2478 853 2536 Pausanias
874 2475 1020 2557 quidam,
1041 2498 1138 2560 quem

138 2553 344 2616 in'solatium
373 2568 526 2637 acceptae
553 2497 597 2616 ad
621 2555 735 2616 Attalo,
756 2555 888 2615 iniuriae
916 2574 976 2614 rex
1001 2554 1033 2615 in
1061 2576 1137 2618 eum

139 2632 299 2713 dignitatis
325 2632 459 2717 gradum
480 2647 683 2718 provexerat.
724 2635 853 2730 Quippe
876 2635 1060 2696 Pausaniam
1080 2642 1136 2699 At-

29 2719 31 2724 '
139 2713 222 2772 talus
242 2707 331 2777 ulero
353 2728 500 2782 onustum
526 2713 656 2778 nefariis
685 2735 887 2779 contrvarum
919 2714 1063 2777 ludibriis
1084 2739 1137 2780 ex-

139 2806 301 2871 posuerat.
320 2795 423 2857 Huius
444 2797 598 2859 ultionem
619 2815 691 2858 cum
722 2819 739 2858 a
765 2817 843 2880 rege
870 2807 1021 2878 peteret,
1037 2797 1136 2861 hono-

140 2889 210 2933 rem
239 2877 372 2969 accepit.
420 2878 547 2940 Etenim
573 2875 740 2960 Philippus
775 2879 880 2947 virum
914 2889 1075 2958 spectatae
1104 2879 1136 2942 iu

132 2947 227 3018 hello
253 2951 468 3042 fortitudinis,
495 2956 536 3022 ad
561 2955 624 3030 hoc
650 2977 754 3041 nuper
774 2957 955 3041 propinqua
983 2955 1135 3022 adfinitate

141 3120 309 3134 *n-

209 3244 251 3313 ιι)
270 3247 364 3297 lustin.
380 3262 407 3312 9,
432 3260 461 3312 7,
478 3260 502 3310 7.

208 3313 247 3381 aa)
265 3315 378 3366 Diodor.
398 3315 440 3375 16,
457 3316 500 3380 93.

151 3447 156 3457 Ι
210 3381 252 3450 13)
270 3384 337 3433 Plin.
355 3395 381 3448 a,
404 3381 603 3448 10,3.Atheu.
627 3379 654 3450 4,
681 3381 721 3449 14.
746 3386 884 3451 Tacita„
904 3386 953 3450 fat,
971 3386 995 3438 5.
1022 3382 1134 3438 Pausan.

138 3447 185 3499 hb.
205 3451 230 3501 8.
251 3451 356 3502 Anien.
377 3463 402 3518 t,
421 3454 447 3517 3,
466 3454 508 3508 25.
1206 3461 1210 3469 “
