2660 3864
379 347 497 404 SUPPL.
516 347 554 400 ΙΝ
573 345 887 414 consultatu,
1092 351 1141 406 107
1180 371 1185 380 “

137 498 258 582 platus,
291 514 364 558 cum
396 491 596 572 obsidionem
624 513 733 554 earum
756 489 847 576 longi
866 493 978 576 operis
999 491 1144 555 suturam

103 635 107 646 ,
137 578 366 658 suspicaretur,
387 595 491 660 neque
535 573 651 635 retium
671 585 819 656 putaret,
841 577 944 656 capite
968 574 1069 658 gentis
1091 593 1144 633 ex·

138 669 292 741 pugnato,
313 655 436 717 duabus
454 597 580 714 arellius
602 653 792 716 assidentem
809 655 922 736 agendi
934 667 1062 737 tempus
1083 671 1144 772 ppt·

138 836 232 878 arces
251 837 344 878 muro
365 815 517 899 l'ossaque
542 815 772 896 circumseptas
794 815 1013 878 Ptolemaeum
1036 731 1146 874 obseii

138 917 216 959 vare
237 895 345 976 iubet,
375 915 472 979 quem
498 895 574 956 'cum
602 894 705 955 tribus
730 895 869 966 millibus
898 893 1147 978 peregrinorum

138 976 286 1053 militum,
307 987 341 1037 et
363 975 522 1058 equitibus
544 975 687 1036 <luceatis
712 973 759 1034 ad·
778 976 902 1036 Cariam
925 975 1074 1034 tuendam
1096 992 1147 1032 re·

137 1055 312 1139 linquebat.
363 1057 391 1116 ls
422 1077 486 1117 nou
521 1056 619 1137 longo
649 1067 725 1136 post
756 1067 920 1137 tempore,
949 1053 1049 1138 copiis
1074 1071 1148 1113 cum

138 1136 285 1198 Asandro
307 1135 593 1216 Lydiae'praetore
615 1135 801 1214 coniunctis,
823 1134 1057 1203 Orontobatem
1080 1131 1148 1196 acie

140 1215 234 1278 vicit:
264 1228 297 1277 et
317 1214 547 1277 Macedonibus
572 1216 620 1275 ira
650 1215 823 1299 taedioque
849 1212 1058 1282 diuturnioris
1079 1229 1148 1277 me·

82 1304 87 1311 “
140 1315 196 1355 rae
217 1295 448 1378 oppugnationi
475 1295 593 1354 acriter
620 1293 893 1371 incumbentibus,
925 1313 1015 1356 arces
1036 1294 1068 1366 in
1091 1313 1148 1376 po·

141 1386 286 1436 testatem
308 1376 459 1437 redactae
480 1385 554 1434 sunt
578 1373 633 1453 15).
655 1374 698 1433 At
719 1395 787 1449 rex,
802 1373 972 1458 Phrygiam
987 1375 1149 1438 continen-
1172 1391 1173 1394 ’
1243 1423 1248 1426 .

141 1469 255 1538 tesqua
264 1454 457 1550 :provincias
474 1454 578 1516 animo
596 1453 800 1534 complexus,
814 1453 1058 1528 Parmenionem
1076 1473 1150 1514 cum
1180 1485 1183 1492 ·

138 737 239 800 otium
259 747 293 798 et
313 734 457 798 inertiam
484 745 610 812 terere,
637 733 753 794 urbem
780 735 880 816 ipsam
908 735 1063 794 exscindit

1 1563 2 1574 κ
60 1610 62 1615 Ι
147 1533 191 1614 ¹⁶)
216 1556 391 1598 amicorum
414 1535 528 1594 turmis
558 1545 591 1594 ct
620 1533 788 1594 auxiliariis
812 1534 994 1617 equitibus,
1016 1534 1151 1596 'thessa-

142 1615 258 1698 lisque,
279 1614 393 1709 quibus
414 1613 596 1674 Alexander
615 1616 788 1693 Lyncestes
809 1626 961 1695 praeerat
990 1611 1054 1694 ¹7),
1078 1615 1151 1674 Sar·

144 1696 200 1756 des
221 1695 329 1772 mittit,
354 1706 390 1754 ut
408 1694 483 1754 inde
511 1695 544 1754 in
573 1693 744 1775 Phrygiam
766 1695 926 1770 irrueret,
947 1708 1150 1776 venturoque

144 1775 301 1836 exercitui
321 1785 533 1835 commeatum
554 1786 587 1834 et
614 1773 765 1854 pabulum
796 1793 835 1834 ex
862 1773 988 1836 hostico
1015 1783 1151 1855 pararet,

142 1857 226 1930 Data
247 1854 286 1914 ad
306 1852 369 1914 hoe
384 1853 525 1934 plaustra
542 1851 598 1933 18),
620 1872 702 1936 quae
724 1852 817 1914 simul
842 1851 1048 1919 ducerentur.
1072 1857 1153 1914 Cum

145 1931 261 1995 deinde
281 1933 397 1994 multos
418 1932 639 2008 Macedonum,
659 1932 770 2013 paullo
793 1945 865 1994 ante
886 1953 955 1994 eam
978 1932 1154 2016 expeditio·

79 2045 85 2058 ·
144 2034 218 2076 nem
247 2013 349 2074 ductis
378 2011 549 2090 uxoribus,
590 2011 785 2074 desiderium
815 2034 925 2074 earum
953 2013 1154 2094 impatienter

130 2093 233 2156 ‘serre
255 2093 478 2176 cognovisset3
500 2093 722 2158 Ptolemaeum
737 2091 866 2154 Seleuci
886 2091 985 2154 lilium
1007 2091 1154 2174 corporis

147 2173 312 2235 custodem
339 2173 376 2234 iis
431 2173 583 2245 raefeeit,
622 2173 819 2255 domumque
857 2171 1020 2235 deducere
1053 2172 1153 2248 iussit,

127 2273 220 2315 «cum
240 2254 394 2321 uxoribus
407 2195 652 2334 bibernaturoe
692 2254 767 2312 Duo
790 2272 924 2336 quoque
945 2273 985 2314 ex
1009 2251 1155 2326 ducibus,

148 2337 273 2396 Coenos
297 2347 392 2416 atque
414 2333 594 2414 Meleager,
626 2331 667 2392 ob
695 2331 827 2390 culidem
850 2350 975 2414 eausam
996 2353 1058 2390 una
1080 2350 1155 2411 pro·

148 2413 227 2474 secti
248 2425 331 2473 sunt
352 2411 388 2470 ld
409 2411 480 2490 regi
500 2431 632 2502 magnae
648 2408 734 2488 apud
754 2409 868 2470 milites
890 2407 1156 2470 commendationi

148 2493 221 2568 fuit,
264 2489 629 2572 romtioresquedcmde
650 2508 706 2548 eos
730 2486 769 2546 ad
790 2488 898 2568 longin
921 2510 993 2550 uam
1014 2487 1156 2553 militiam

148 2513 307 2648 reddillit,
342 2589 414 2629 cum
442 2567 491 2628 sui
521 2568 677 2628 rationem
698 2565 837 2627 habitam
862 2509 1026 2643 viderent,
1048 2589 1157 2649 spera·

149 2661 298 2732 remque,
319 2647 468 2730 deinceps
486 2647 720 2710 etiamadsuos
741 2647 890 2707 visendos
914 2648 1049 2709 subinde
1070 2667 1156 2708 com·

149 2741 290 2790 ursatum
309 2728 537 2810 impetraturos
560 2747 640 2788 esse.
671 2725 816 2786 Ducibus
835 2726 1009 2788 iniunctum
1031 2739 1097 2802 est,
1121 2741 1157 2788 ut

150 2808 289 2890 interim,
310 2808 386 2870 dum
407 2806 439 2870 in
459 2807 646 2872 Macedonia
664 2819 879 2887 morarentur,
897 2818 1029 2896 strenue
1051 2807 1156 2870 delec-

152 2975 316 2996 “-

222 3077 264 3145 il)
283 3078 397 3132 niodor.
418 3085 459 3144 17,
477 3094 519 3144 27.
650 3131 652 3136 ,

224 3148 265 3216 157
285 3147 390 3209 Arriae,
410 3166 429 3210 1,
448 3163 473 3214 7,
491 3149 532 3204 25.
574 3161 597 3210 t,
622 3151 647 3210 6,
675 3143 700 3198 5·
737 3158 763 3208 2,
787 3159 807 3208 ¹7
831 3143 874 3197 3²·
905 3142 1014 3192 curlluss
1037 3145 1063 3204 3,
1088 3152 1113 3204 la
1131 3133 1157 3201 l·

153 3217 249 3268 Strabo
269 3215 316 3265 lib.
338 3215 372 3280 ¹l·

223 3282 264 3348 16)
285 3284 388 3332 Arriae.
408 3302 427 3348 i,
449 3298 473 3350 7,
494 3287 535 3344 99,

223 3352 265 3417 17)
282 3351 396 3402 Diodor.
417 3367 441 3415 7,
461 3357 503 3414 27.

225 3421 265 3488 id)
287 3421 391 3472 brrian.
413 3437 431 3482 t,
452 3433 475 3484 7,
495 3433 538 3484 2⁸9·
