2660 3864
171 345 208 402 U
546 330 566 384 1.
582 327 804 386 rastnsttttut

170 503 268 572 quem
288 482 363 564 quia
382 479 519 542 invisum
539 497 735 562 exosumque
757 475 912 554 habebat,
935 477 1018 540 illius
1039 479 1176 548 animum

172 587 213 628 ex
249 583 307 624 suo
337 559 538 624 metiebatur.
581 557 705 650 Quarto
735 556 784 630 ²⁰)
805 570 990 642 ,postquam
1022 556 1175 622 Sardibus

171 643 325 708 movisset
345 639 397 700 die
418 637 583 720 Ephesum
607 636 725 698 introiit
744 637 935 717 Alexander3
955 639 1175 724 restitutisque

172 720 352 796 exsulibus,
386 719 441 802 qui
470 739 646 799 paucorum
675 716 887 780 dominatione
916 718 999 800 pulsi
1026 717 1176 798 fuerant,

170 799 400 883 rempublicam
426 799 547 882 populo
568 795 710 872 tradidit.
752 796 809 859 llle
835 797 991 859 libertatis
1017 798 1072 858 diu
1092 797 1176 860 desi·

163 879 302 945 rderatae
324 899 394 940 eom
419 899 477 954 os,
509 897 580 954 eos,
609 877 664 962 qui
689 877 891 939 Memnonem
916 877 1175 954 advocavissent,

171 962 292 1046 quique
316 899 471 1050 tempium
490 956 612 1018 Dianae
634 956 834 1036 spoliassent,
854 958 952 1040 inque
973 977 1012 1020 eo
1034 957 1175 1098 Philippi

171 1053 305 1106 statuam
325 1037 530 1112 deiecissent,
559 1048 613 1097 aut
632 1036 815 1116 Heropythi
835 1049 1111 1099 monumentume
1140 1039 1176 1100 'o-

171 1122 307 1194 dissent,
335 1116 424 1200 quod
443 1115 610 1177 liberatori
638 1115 774 1177 civitatis
796 1115 922 1178 infero
945 1118 1083 1198 positum
1104 1117 1176 1178 fue-

170 1213 230 1274 rat,
257 1198 296 1260 ad
327 1195 518 1335 supplicium
545 1195 659 1277 poscit.
707 1197 757 1256 Ex
785 1194 900 1278 quibus
928 1197 1071 1280 Pelagon
1101 1217 1176 1258 cum

171 1280 272 1342 fratre
292 1277 373 1358 Syrp
398 1295 454 1337 aee
477 1287 510 1338 et
530 1273 741 1359 patruelibus,
763 1295 803 1335 ex
823 1275 891 1356 ipsa
912 1275 1002 1351 aede,
1026 1276 1058 1336 in
1080 1298 1176 1359 quam

172 1357 402 1441 confugerant,
435 1356 519 1436 rapti
546 1366 635 1430 sunt,
668 1355 838 1437 statimque
867 1355 1025 1436 lapidibus
1056 1356 1174 1430 obruti,

171 1443 301 1526 Iamque
328 1437 361 1498 in
389 1435 503 1496 caedes
528 1445 562 1496 et
586 1434 714 1496 iniurias
739 1433 864 1512 ibatur3
891 1455 963 1494 cum
984 1434 1175 1507 Alexander,
1274 1471 1282 1480 ,

171 1519 303 1583 inhibita
324 1515 413 1597 vulgi
433 1515 577 1592 licentia,
606 1513 742 1575 ulterius
771 1533 810 1573 eo
833 1512 873 1574 de
902 1513 1032 1597 negotio
1059 1514 1176 1598 inquiri

172 1611 227 1662 aut
249 1597 365 1680 euique
386 1595 562 1656 molestiam
578 1593 722 1656 exhiberi
744 1591 856 1654 vetuit.
899 1593 935 1654 Id
957 1593 1083 1674 optimis
1107 1595 1177 1678 qui-

170 1679 293 1761 busque
314 1674 407 1736 saluti
426 1673 497 1751 fuit,
519 1694 612 1756 quos,
632 1694 692 1755 per
712 1691 837 1734 causam
857 1673 927 1733 veri
947 1671 1054 1736 lictive
1072 1673 1177 1734 crimi·

170 1759 236 1830 nis,
263 1756 410 1836 ipsorum
431 1752 565 1836 dignitas
593 1766 647 1814 aut
668 1751 829 1834 opulentia
856 1751 1049 1814 litribuudae
1069 1753 1175 1836 plebis

172 1837 253 1898 odiis
280 1832 494 1914 avaritiaeque
525 1833 705 1894 obiecisset.
751 1833 837 1894 Inter
856 1829 936 1894 haee
960 1835 1122 1914 Magnetes
1144 1847 1178 1894 et

171 1909 323 1976 Tralliani
354 1913 476 1994 legatos
508 1911 655 1987 mittunt,
690 1911 859 2004 imperium
896 1912 1071 1994 accepturi.
1126 1913 1191 1973 Eo·

169 1993 382 2057 Parmenione
405 2009 477 2049 eum
505 1989 646 2074 quinque
668 1991 814 2071 peditum
843 1989 980 2052 millibus
1002 1991 1176 2075 equitibus.

170 2093 233 2158 que
262 2069 405 2132 ducentis
433 2068 482 2128 ire
504 2068 609 2143 iusso,
638 2069 825 2129 Aloimalum
856 2089 927 2132 cum
949 2071 1078 2153 paribus
1100 2071 1174 2132 fere

170 2153 272 2232 copiis
295 2149 415 2210 circum
441 2147 590 2208 Aeolieas
611 2148 797 2230 Ionicasque
819 2149 942 2210 Persici
972 2151 1049 2212 iuris
1078 2151 1177 2212 urbes

170 2232 277 2295 mittit.
318 2227 455 2309 Utrique
475 2226 661 2300 iniunctum,
683 2238 719 2286 ut
742 2225 862 2289 abolito
878 2249 1055 2310 paucorum
1077 2231 1177 2290 domi-

170 2324 258 2388 natu,
279 2306 469 2392 popularem
492 2305 612 2389 ubique
634 2317 749 2366 statum
773 2307 1030 2370 introducerent:
1053 2309 1176 2394 quippe

169 2391 405 2454 multitudinem
441 2386 504 2445 suis
533 2383 630 2448 rebus
658 2385 790 2448 studere
813 2399 1034 2470 compererat,
1068 2390 1177 2473 obque

170 2493 241 2534 eam
262 2489 333 2532 rem
352 2478 502 2546 tyrannos
522 2487 539 2525 a
560 2465 706 2526 barbaris
728 2465 911 2548 impositos,
933 2489 994 2551 per
1015 2489 1177 2553 quoscu-

170 2561 348 2616 erceretur.
397 2547 464 2604 Per
492 2564 548 2604 eos
577 2545 662 2620 dies,
698 2545 774 2606 dum
804 2546 926 2624 Ephesi
958 2541 1177 2612 commoratur

170 2628 370 2699 Alexander,
397 2636 434 2686 ut
454 2644 494 2686 ex
520 2624 706 2686 instantibus
732 2623 817 2684 curis
837 2638 1003 2688 recrearet
1023 2627 1178 2702 animum,

186 2719 361 2794 requenter
383 2702 432 2777 ²¹)
463 2703 495 2763 in
517 2701 676 2764 ollicinam
701 2702 823 2784 Apellis
845 2706 1029 2784 ventitavit,
1063 2729 1081 2768 a
1112 2729 1176 2790 quo
1233 2733 1235 2737 ·

198 2809 238 2848 no
259 2783 401 2868 effigiem
422 2804 509 2845 suam
531 2781 837 2863 penicillofexprimi
858 2785 1000 2864 volebat,
1021 2799 1109 2848 tanto
1130 2787 1177 2847 fa-

120 2883 137 2928 s
170 2886 251 2930 vore
274 2862 473 2944 complexus,
494 2873 529 2922 ut
550 2860 782 2920 dilectissimam
796 2861 959 2942 pellicum,
983 2886 1092 2928 amore
1109 2867 1178 2930 eius

169 2945 321 3031 deperire
350 2941 486 3004 sentiens
515 2935 687 3016 artificem,
716 2938 802 3000 dono
835 2941 972 3008 dederit.
1021 2949 1177 3008 Pancasta

171 3024 221 3102 22’)
239 3024 427 3102 vocabatur,
449 3039 489 3087 ex
501 3017 627 3081 Larissa
650 3017 751 3086 nobili
771 3017 955 3088 Thessaliae
971 3026 1054 3089 urbe
1075 3046 1179 3112 genua

181 3176 364 3195 m

239 3294 273 3334 ao
303 3278 407 3330 Arrlnn.
429 3283 452 3343 1,
469 3279 495 3344 6,
514 3295 538 3346 7.

240 3363 269 3398 2!
306 3347 405 3396 Plinius
424 3348 466 3410 35,
488 3353 528 3411 ¹⁰7
548 3348 590 3412 ²51
611 3355 635 3418 l,
654 3366 680 3418 2,
701 3351 741 3407 13·

184 3485 188 3498 ¹
238 3415 282 3484 aa)
305 3415 406 3468 Aeliau.
422 3430 476 3469 vat.
499 3415 560 3470 lust.
581 3422 622 3483 12,
638 3416 680 3488 34.
