2660 3864
185 317 219 370 92
346 277 349 286 ’
558 265 816 362 uranusnamr

187 459 359 524 Persarum
390 457 523 518 classem
549 456 582 518 in
609 455 792 536 propinquo
826 454 951 516 versari
983 470 1195 540 cognoverat,

186 549 305 600 rrrutata
326 537 482 598 sententia
502 535 656 617 oppidum
682 533 781 595 Dario
804 555 997 597 conservare
1017 537 1192 612 nitebatur.

185 619 264 678 Nam
285 627 317 676 et
338 628 573 678 commeatuum
592 613 798 696 telorumque
810 613 867 694 ¹²),
889 627 923 676 et
942 616 969 675 si
990 635 1053 698 qua
1073 617 1135 676 alia
1151 619 1193 682 ad

184 695 384 762 tolerandam
406 695 605 758 ohsidionem
626 693 855 777 requiruntur,
883 715 1029 776 magnam
1052 693 1197 760 habebat

186 777 323 858 copiam,
350 787 382 838 et
397 787 675 858 propugnatorum
686 773 886 835 multitudine
905 773 1094 854 abundabat,
1116 775 1193 860 quia

184 857 352 932 Memnon,
381 877 453 918 oum
475 876 514 915 ex
534 853 662 936 proelio
684 854 828 914 Miletum
849 853 1062 936 perfugisset,
1082 857 1192 920 multis

185 935 228 996 ibi
257 957 387 998 suorum
415 934 534 996 relictis
568 932 763 1014 praesidium
790 931 982 994 firmaverat.
1022 935 1122 1016 Igitur
1146 937 1193 996 in·

184 1013 331 1091 sest013)
354 1015 477 1096 agmine
493 1033 691 1095 suggressus,
713 1013 907 1074 exteriorem
927 1014 1052 1085 urbem,
1072 1028 1109 1076 ut
1129 1017 1194 1098 ipsi

186 1095 351 1170 vocabant,
374 1115 413 1154 ex
433 1093 548 1154 itinere
578 1093 681 1184 cepit:
714 1111 785 1152 nam
815 1093 966 1172 oppidani
996 1094 1192 1179 militesque,

184 1194 225 1234 ne
240 1175 323 1234 vires
343 1184 541 1255 spargerent,
562 1171 594 1232 in
613 1171 800 1232 interiorem
820 1173 935 1232 urbem
956 1189 1192 1254 concesserant,

185 1255 334 1314 auxilium
355 1273 507 1330 suorum,
536 1251 625 1335 qnod
648 1250 733 1328 haud
752 1253 868 1332 procul
891 1251 1002 1313 abesse
1023 1253 1192 1332 rebantur,

186 1333 376 1415 opperituri.
417 1333 541 1395 Verum
562 1353 673 1392 vanam
695 1332 964 1412 exspectationem
985 1332 1065 1394 fecit
1085 1337 1191 1396 Mace·

185 1413 318 1476 donicae
340 1412 446 1472 classis
468 1413 640 1488 adventus,
675 1431 757 1494 quae
788 1411 944 1472 Nicanore
972 1411 1055 1473 duce
1081 1415 1193 1476 Laden

184 1491 318 1553 insulam
346 1513 442 1573 snpra
470 1492 615 1552 Miletum
640 1491 731 1550 sitam
763 1486 807 1570 11)
848 1492 1031 1572 occupavit:
1074 1492 1192 1555 deinde

185 1592 257 1633 cum
278 1573 340 1633 iam
362 1571 504 1632 hostium
525 1571 631 1630 elassis
653 1570 693 1630 ad
706 1571 850 1650 Mycalen
869 1583 1009 1632 montem
1028 1571 1190 1646 haereret,

184 1651 287 1732 ipsum
309 1651 508 1711 Milesiorum
522 1662 651 1730 portum
667 1650 812 1730 ingressa
829 1651 951 1710 Persici
972 1651 1080 1712 auxilii
1099 1674 1191 1733 spem

114 1794 123 1804 ,¹
183 1730 348 1813 oppidanis
376 1731 503 1794 ademit.
548 1733 661 1812 Neque
683 1729 899 1810 prohibebant
920 1729 1059 1806 barbari,
1080 1753 1191 1816 quam·

185 1832 278 1896 quam
292 1831 426 1872 numero
443 1810 568 1870 navium
581 1810 677 1892 lunge
694 1821 916 1891 praestarent:
941 1810 1059 1891 quippe
1080 1814 1189 1892 paullo

184 1892 285 1950 minus
317 1889 554 1971 quadringentis
585 1888 762 1958 habebant,
798 1910 870 1950 cum
896 1889 1035 1949 Nicanor
1068 1903 1191 1954 tantum

184 1971 344 2050 sexaginta
365 1989 460 2046 supra
482 1979 609 2029 centum
631 1967 822 2030 adduxisset.
844 1971 968 2030 Interea
984 1969 1190 2052 Glaucippus,

206 2049 333 2128 rinceps
348 2046 496 2119 civitatis,
516 2047 556 2106 ad
571 2047 785 2110 Alexandrum
799 2048 923 2122 missus,
945 2049 1057 2128 petito,
1079 2063 1115 2110 ut
1136 2073 1191 2112 ur-

183 2071 258 2190 bem
280 2139 313 2187 et
335 2137 448 2209 portus
469 2125 696 2187 Macedonibus
717 2127 892 2210 Persisque
914 2133 1096 2189 communes
1119 2151 1192 2192 esse

182 2219 358 2291 pateretur,
379 2205 470 2266 triste
491 2225 681 2286 responsum
705 2208 864 2267 retulerat
889 2207 945 2283 ¹⁵),
980 2210 1051 2268 Non
1079 2230 1113 2268 se
1137 2231 1190 2271 ve-

183 2289 267 2353 nisse
288 2289 321 2348 in
343 2285 468 2364 Asiam,
500 2297 537 2346 ut
557 2284 738 2366 acciperet,
767 2287 855 2368 quod
880 2286 931 2346 alii
953 2287 1189 2366 concederent3

155 2393 160 2400 ’
183 2367 240 2430 sed
261 2381 297 2430 ut
320 2368 457 2460 quisque
477 2365 630 2440 haberet,
653 2365 741 2449 quod
763 2367 832 2459 ipse
847 2365 1050 2448 reliquisset:
1081 2369 1189 2450 itaque

183 2449 314 2523 scirent,
336 2467 476 2510 omnrum
496 2443 700 2512 fortunarum
722 2445 889 2508 arbrtrium
908 2446 1035 2507 meliori
1058 2449 1190 2528 permit-

99 2559 101 2569 >
182 2527 325 2600 tendum,
348 2525 446 2588 autin
466 2524 642 2618 proximam
663 2525 769 2585 lucem
784 2525 824 2584 dc
847 2545 886 2584 eo
908 2527 1093 2586 certandum
1109 2547 1188 2598 esse.

184 2606 249 2666 Sed
278 2608 334 2690 qui
360 2607 393 2665 in
418 2605 546 2664 civitate
574 2614 664 2664 erant
701 2602 765 2679 16],
795 2603 935 2684 primum
974 2605 1190 2667 invadentium

183 2685 339 2766 impetum
359 2683 490 2744 fortiter
509 2681 710 2756 retuderunt,
735 2681 833 2742 caesis
854 2682 940 2743 inter
964 2685 1043 2746 alios
1065 2686 1189 2747 duobus

182 2766 367 2839 Hellanioae
389 2761 472 2839 filiis,
497 2781 580 2844 quae
599 2761 706 2820 nutrix
727 2759 900 2822 Alexandri
919 2760 1040 2841 suerat,
1071 2778 1104 2826 et
1127 2766 1189 2825 Cli-

182 2856 261 2923 tum,
281 2845 336 2930 qui
356 2860 437 2924 rege
460 2850 590 2904 servato
615 2839 765 2901 eximam
784 2841 882 2903 decus
903 2843 1032 2924 meruit,
1054 2843 1189 2907 fratrem

245 3110 283 3160 *12
313 3105 427 3156 Diodor.
447 3110 488 3172 17,
507 3111 549 3162 22.

252 3177 283 3228 13
314 3173 419 3224 Arrian.
439 3180 462 3238 1,
481 3174 508 3240 6,
527 3180 568 3229 12.

253 3239 284 3304 14
315 3241 413 3292 Herod.
432 3242 459 3307 6,
479 3258 503 3308 7.
523 3242 621 3294 Strabo
639 3245 657 3294 l.
678 3245 722 3306 145
740 3242 845 3296 Arrius.
862 3247 887 3308 1,
902 3243 929 3308 6,
947 3248 989 3301 22.

251 3311 282 3363 15
314 3309 417 3361 Seneca
436 3313 512 3378 epist.
532 3311 576 3375 53,
595 3322 634 3362 ιο.

251 3375 295 3444 16)
314 3377 419 3428 Arriae.
440 3384 464 3444 1,
481 3379 508 3442 6,
526 3387 569 3440 uo,
