2660 3864
391 380 563 455 suerunt
581 399 615 470 o.
633 401 792 456 auarum
809 405 840 460 t.
862 405 896 457 u
1113 417 1148 471 ω

140 567 251 610 aureas
276 565 420 623 coronas,
442 545 635 632 futurosque
656 548 688 608 in
715 549 780 612 fide
806 571 843 612 ac
871 563 1032 634 potestate
1061 558 1148 640 regis

140 642 173 690 et
194 631 349 710 imperata
369 627 519 705 facturos,
538 629 766 710 promiserunt.
808 631 893 692 Dum
921 633 1005 695 haee·
1029 637 1074 698 ita
1094 658 1150 719 ge-

139 721 255 769 runtur
281 703 338 786 19),
353 708 528 790 exquisitae
545 709 621 768 artis
643 711 831 793 saporisque
853 711 941 773 eibos
963 726 1059 798 atque
1081 717 1149 778 bel-

140 789 216 849 laria
249 789 386 849 sollicite
418 787 530 849 conlici
557 789 688 849 curabat
714 789 800 866 Ado,
841 811 942 874 eaque
974 813 1046 855 cum
1072 797 1149 878 ipsis

142 868 254 950 coquis
277 880 309 936 et
330 863 521 948 'cupediariis
535 869 607 950 regi
627 869 711 931 dono
726 869 881 947 mittebat,
899 883 1046 956 tanquam
1066 875 1148 938 bene
1160 892 1185 943 x

140 948 277 1008 merenti
310 949 443 1030 gratiam
470 949 629 1026 relatura,
657 949 817 1009 simoniis
845 972 1007 1012 armorum
1027 953 1150 1027 fessum

142 1027 201 1088 fati
225 1040 374 1110 utumque
395 1027 526 1088 Asiatici
547 1027 640 1088 luxus
662 1029 785 1090 deliciis
807 1031 985 1112 exciperet.
1011 1035 1074 1104 ,At
1094 1035 1149 1096 ille

141 1049 284 1188 prudens
305 1107 581 1188 intemperantiam
612 1110 706 1202 gulae
737 1109 819 1170 seria
853 1112 1002 1172 tractanti
1035 1113 1188 1194 intem-u

142 1187 297 1268 pestivam
320 1207 401 1263 esse,
423 1187 668 1248 benevolentiae
693 1187 823 1270 quidem
843 1190 993 1252 muliebri
1015 1195 1150 1255 comiter

143 1268 259 1347 gratias
281 1269 347 1348 egit
355 1288 364 1344 3
390 1278 535 1327 ceterum
556 1287 620 1326 non
640 1268 803 1327 attinuisse
825 1271 1007 1348 respondit,
1028 1285 1065 1332 ut
1089 1293 1149 1353 pro

143 1347 213 1426 ipso
234 1347 370 1408 sollicita
393 1359 495 1422 esset,
524 1345 673 1406 meliores
699 1345 835 1406 habente
865 1368 1002 1430 coquos,
1035 1353 1150 1432 quibus

139 1426 247 1506 'ipsum
268 1426 344 1486 olim
365 1424 570 1506 paedagogus
593 1445 668 1496 suus
696 1426 852 1486 Leonidas
875 1427 1088 1489 instruxisset:
1110 1431 1150 1491 ad
1218 1455 1219 1468 ¹

139 1503 314 1586 'prandium
339 1505 403 1564 iter
425 1504 665 1583 antelucanum,
688 1506 728 1566 ad
757 1525 889 1568 coenam
910 1505 1037 1591 frugale
1057 1530 1151 1591 pran·
1165 1547 1193 1576 x

144 1585 240 1645 dium.

221 1663 275 1727 lx.
298 1664 362 1723 lam
392 1674 459 1724 tota
486 1663 591 1726 ferme
622 1665 713 1727 Caria
743 1666 775 1725 in
802 1665 953 1726 ditionem
979 1667 1152 1729 Alexandri

144 1754 348 1806 concesserat
355 1763 365 1822 3
387 1743 444 1802 sod
467 1756 563 1825 caput
578 1747 669 1828 regni
684 1747 923 1806 Halicarnassus
945 1743 1037 1807 firmo
1058 1769 1151 1828 prae·

144 1824 226 1890 sidio
250 1821 420 1882 tenebatur
446 1821 484 1902 ¹).
521 1825 631 1908 ltaque
653 1826 832 1886 diuturnam
859 1825 1057 1886 obsidionem
1078 1828 1151 1889 l'or'e

146 1901 338 1979 coniectans,
362 1915 573 1963 commeatum
594 1917 627 1964 et
646 1905 825 1981 machinas,
858 1924 940 1986 quae
968 1907 1014 1969 adt
1029 1927 1071 1988 op
1097 1929 1152 1990 ug-

145 1983 306 2043 nationem
338 1981 556 2064 pertinerent,
598 1985 730 2046 navibus
775 2005 814 2046 eo
844 1985 884 2044 de
911 1986 1020 2045 ortari'
1043 1929 1151 2050 iubet:

146 2065 215 2144 ipse
240 2062 270 2142 2)
293 2081 363 2122 cum
393 2063 537 2143 pedestri
567 2065 710 2126 exercitu
738 2065 847 2149 quinto
874 2005 912 2124 ab
941 2066 1023 2127 urbe
1050 2067 1152 2128 stadio

147 2153 250 2203 castra
271 2143 454 2206 communit.
496 2145 622 2207 Deinde
648 2165 758 2206 muros
788 2147 936 2206 adortum
963 2146 1049 2206 iuxta
1076 2169 1152 2228 por-

146 2234 235 2300 tam,
275 2243 337 2305 qua
367 2224 497 2302 Mylasea
526 2225 590 2285 iter
616 2237 680 2302 est,
715 2226 887 2306 improvisa
917 2227 1152 2307 oppidanorum

148 2301 274 2384 eruptio
297 2303 442 2382 excepit:
476 2304 533 2362 sed
554 2305 781 2366 Macedonibus
803 2303 935 2364 fortiter
957 2307 1152 2366 conserenti·

147 2381 206 2442 bus
231 2402 375 2457 manum,
401 2380 590 2462 quibusdam
618 2402 752 2442 suorum
782 2383 900 2442 amissis
924 2382 1008 2442 haud
1038 2405 1153 2466 magno

147 2462 277 2544 negotio
300 2460 414 2520 reiecti
438 2471 520 2522 sunt.
553 2461 660 2518 Pauci
674 2460 789 2522 deinde
809 2461 878 2521 dics
899 2461 1153 2541 intercesserant,

148 2561 222 2602 eum
249 2537 430 2600 Alexander
459 2536 585 2598 obiecta
613 2555 670 2619 spe
699 2537 918 2619 Myndensium
947 2541 1067 2622 oppido
1092 2563 1153 2626 per

149 2619 367 2701 proditionem
388 2617 552 2696 potiundi,
573 2630 669 2678 nocte
686 2619 873 2700 intempesta
894 2639 966 2679 cum
985 2634 1078 2702 parte
1100 2644 1153 2687 eo·

149 2699 275 2780 piarum
295 2693 518 2777 proficiscitur.
544 2697 609 2758 Sed
627 2697 707 2758 nihil
729 2719 890 2782 quoquam
911 2713 1078 2778 movente,
1100 2704 1153 2764 ad·

149 2789 236 2837 mota
261 2775 351 2858 gravi
382 2789 540 2838 armatura
568 2799 695 2838 murum
722 2777 842 2848 suffodi
869 2777 1021 2860 imperat:
1049 2803 1154 2868 neque

150 2857 234 2918 enim
255 2856 352 2916 scalas
383 2868 437 2916 aut
460 2858 618 2918 machinas
639 2859 812 2934 attulerat,
847 2877 919 2918 cum
946 2865 1151 2944 oppugnandi

146 2937 286 2998 'oonsilio
309 2934 422 2996 urbem
450 2958 513 2998 non
540 2939 733 2999 accessisset.
773 2940 818 2996 Et
845 2937 891 2997 illi
919 2941 1065 3021 quidem,
1093 2964 1155 3008 una

150 3017 287 3078 turrium
308 3015 443 3096 deiecta,
462 3016 540 3078 nihil
560 3017 968 3102 tamen‘aperueruutloci‚
990 3041 1055 3104 quo
1073 3023 1155 3084 intra

208 3282 250 3352 ¹9)
268 3283 381 3334 Diodor.
410 3295 446 3346 17,
465 3277 506 3345 24.
520 3281 654 3334 Plutarch.
675 3299 698 3338 e.
719 3283 761 3335 38.
779 3282 1002 3354 etapophtbegg.
1021 3299 1045 3336 c·
1067 3297 1111 3352 37·
1127 3293 1155 3338 et

153 3354 180 3402 in
201 3353 265 3402 Non
282 3369 365 3420 posse
383 3350 511 3404 stauviter
528 3353 587 3408 vivi
608 3349 758 3404 secundum
774 3353 891 3422 Epicur.
899 3370 933 3412 .c.
950 3351 1001 3418 400¹

225 3437 232 3470 1
268 3418 502 3482 Diodor.17‚2d.

222 3494 237 3544 2
271 3489 375 3540 Arriau.
398 3503 421 3552 1,
443 3502 467 3555 ς,
487 3503 509 3538 ι.

906 3557 955 3618 ⁷ss
