2660 3864
381 350 498 404 suern.
515 349 554 403 tr
571 351 606 419 Q.
626 347 785 408 eunucu
806 351 836 402 n.
854 351 875 400 ι.
1095 347 1144 416 ιι

128 497 338 562 Macedonum
365 499 600 562 cunctationem
623 497 703 591 erigi
724 498 888 560 seditionis
909 509 1075 576 auctores3
1096 510 1130 560 et

128 581 184 665 qui
203 598 287 640 nunc
308 577 403 640 etiam
423 590 571 640 nutarent
593 579 713 650 animis,
739 578 1002 640 tumultuantibus
1024 598 1154 640 acces-x

38 659 41 672 '
128 679 231 722 suros.
269 660 315 720 lta
340 671 451 721 contra
479 670 608 742 paratos
638 656 906 744 confirmatosque
930 679 1046 740 anceps
1067 659 1131 720 dis·

129 741 249 802 crimen
270 737 488 802 subeundum:
509 759 592 801 nunc
613 739 784 800 celeritatis
815 740 931 821 magis,
963 759 1057 822 quam
1086 737 1132 801 ti-

128 821 231 897 rium,
256 831 417 880 certamen
447 840 529 880 esse·
571 820 670 909 Quod
690 820 717 880 si
736 819 887 880 adversus
913 819 1055 901 singulos
1078 839 1132 880 au·

129 899 218 961 dacia
250 919 314 960 non
353 911 457 978 esset3
493 899 571 984 quid
607 899 723 960 deinde
751 898 919 972 futurum,
959 899 986 960 si
1011 908 1133 959 metum

130 980 278 1042 confesso
301 1000 411 1041 ornnes
439 1002 505 1044 uno
531 979 654 1063 impetu
689 977 1025 1062 superfunderentur?
1074 977 1133 1040 His

131 1060 248 1131 deinde
270 1061 479 1143 congruentia
508 1062 548 1120 ad
574 1061 731 1144 populum
760 1060 904 1135 locutus,
944 1057 1061 1121 adiecit
1089 1054 1133 1134 9),

130 1140 325 1204 cli'ecturum
345 1161 398 1219 se,
427 1153 464 1202 ut
492 1141 578 1203 cives
605 1140 782 1223 hostesque
807 1139 904 1200 fateri
926 1149 1133 1222 cogerentur,

133 1233 246 1303 erepto
273 1233 366 1302 patre
398 1240 517 1302 corpus
545 1241 727 1358 nomenqdue
754 1220 841 1303 regis
870 1231 1027 1280 mutatum
1051 1238 1133 1294 esse,

133 1301 300 1364 consilium
339 1301 542 1384 animumque
576 1322 641 1362 non
699 1298 863 1360 esiderari.
909 1303 1004 1365 Eam,
1024 1319 1134 1360 rerum

131 1381 375 1442 conversionem
402 1381 571 1442 nonnullos
601 1379 802 1441 occasionem
833 1378 1046 1439 tumultuandi
1076 1397 1134 1458 pu·

130 1462 247 1523 cavisse
255 1480 264 1536 3
292 1460 351 1520 sed
377 1459 470 1522 brevi
490 1479 610 1540 poenas
633 1459 780 1521 daturos:
816 1458 913 1522 modo
943 1457 1134 1520 Macedones

134 1539 271 1602 eosdem¹
298 1540 437 1618 animos,
469 1539 601 1601 eosdem
628 1539 767 1600 lacertos
795 1537 856 1598 sibi
884 1536 1134 1613 commodarent,

151 1640 215 1682 uos
243 1631 329 1680 tanta
357 1639 430 1680 cum
458 1619 603 1701 ipsorum
631 1619 750 1702 gloria,
792 1629 946 1702 tantoque
983 1617 1135 1680 victoriae

132 1643 252 1772 ibuctu,
272 1699 358 1782 patri
377 1719 437 1762 suo
458 1720 519 1782 per
538 1711 590 1762 tot
614 1720 712 1761 annos
732 1699 974 1782 praestitissent.
1013 1697 1049 1758 ld
1070 1717 1136 1778 quo

131 1781 288 1865 promtius
309 1779 508 1863 alacriusque
529 1778 685 1857 facerent,
706 1780 846 1839 omnium
861 1792 992 1862 praeter
1007 1776 1136 1851 mjlitiac

132 1859 331 1925 vacationem
357 1859 432 1944 ipsis
460 1859 652 1922 concedere.
706 1858 879 1922 Consilium
903 1859 988 1942 regis
1009 1858 1136 1920 fortuna

133 1939 357 2022 comprobavit
382 1940 441 2021 1ο).
481 1942 554 2002 Νοιι
588 1940 735 2024 segnius,
757 1960 851 2023 quam
871 1940 999 2002 locutus
1020 1937 1137 2013 iuerat,

133 2022 257 2104 singula
276 2040 462 2104 aggressum
482 2021 685 2083 lblicissimus
715 2020 856 2081 omnium
882 2021 984 2082 exitus
1009 2029 1138 2080 secutus

135 2115 193 2167 est.
215 2104 259 2162 Et
281 2103 446 2184 Amyntam
468 2101 611 2186 quidem,
632 2100 819 2184 patefactis,
840 2122 917 2184 quas
939 2101 993 2162 ille
1015 2111 1138 2160 struxe-

135 2195 205 2258 rat,
232 2182 369 2260 insidiis,
401 2182 585 2264 occupavitt
623 2181 764 2245 Attalum
792 2201 853 2264 per
883 2184 1079 2242 Hecataeum
1107 2187 1139 2236 et

135 2263 379 2325 Parmenionem
409 2263 539 2324 sustulit
566 2261 623 2336 ¹¹).
666 2263 716 2324 Ex
743 2261 799 2339 iis,
836 2281 918 2344 quos
946 2261 977 2322 in
997 2255 1163 2338 Philippi'

137 2363 250 2404 necem
272 2345 469 2404 consensisse
489 2363 601 2404 rumor
623 2339 787 2424 arguebat,
808 2362 906 2401 unum
923 2338 1138 2401 Alexandrum

135 2427 324 2502 Lyncestem
344 2423 462 2483 exemit
478 2419 651 2500 supplicio,
696 2420 761 2481 uod
772 2420 941 2501 imperium
954 2415 1138 2498 suscipienti

135 2501 301 2576 adfuisset,
322 2502 508 2582 primusque
521 2518 634 2579 regem
654 2443 837 2560 sidutasset:
859 2511 987 2560 ceteros
1008 2495 1137 2560 occidit.

138 2584 187 2644 Ea
209 2580 381 2646 severitate
406 2599 494 2640 suam
521 2577 657 2642 salutem
685 2578 717 2637 in
745 2577 882 2638 vindicta
908 2577 1049 2659 Philippi
1071 2597 1138 2636 mu·

136 2659 198 2722 niri
219 2658 388 2732 credebaut
417 2659 510 2724 simul
538 2657 661 2718 aboleri
687 2655 822 2734 famam,
855 2669 973 2742 quant
994 2655 1138 2718 conscius

137 2750 291 2822 paternae
313 2738 419 2800 caedis
438 2739 613 2802 notabatur
638 2733 695 2810 ¹²).
726 2738 868 2800 Crebrae
889 2739 972 2800 inter
998 2759 1054 2800 eos
1077 2736 1138 2797 dis·

139 2818 267 2880 cordiae
288 2815 384 2880 fidem
403 2819 576 2903 suspicioni
600 2817 761 2897 i'ecerant3
783 2831 817 2880 et
840 2832 988 2903 questum
1011 2817 1139 2880 iniurias

138 2899 324 2974 Pausaniam
350 2899 390 2968 ad
416 2899 541 2973 facinus
569 2897 772 2972 confirmasse
798 2898 984 2981 ferebatur,
1012 2897 1138 2982 prolato

142 3069 327 3094 ’,Ἦ

205 3191 234 3260 9)
251 3191 365 3242 Diodor.
384 3205 420 3256 17,
439 3205 464 3238 2.
482 3189 575 3241 lustin.
597 3206 638 3252 u,
658 3205 684 3253 1,
705 3200 745 3239 ιο.

209 3259 251 3328 ιο)
267 3262 358 3310 lustin.
376 3276 415 3322 tt,
434 3273 457 3322 1,
479 3258 505 3308 8.

211 3329 255 3396 ta)
272 3328 385 3382 Diodor.
406 3333 447 3392 17,
465 3343 479 3376 2
499 3337 526 3378 et
545 3328 570 3378 5.
588 3325 664 3376 Curt.
684 3341 708 3391 7,
733 3325 802 3388 1,3.

210 3397 252 3466 ta)
271 3399 375 3447 Arrian.
398 3412 420 3460 1,
435 3396 461 3459 8,
482 3411 504 3446 a.
528 3397 602 3449 Curt.
624 3411 649 3460 7,
669 3411 694 3459 t,
711 3395 736 3445 6.
754 3393 846 3449 lustin,
871 3410 904 3457 ιι,
927 3407 951 3457 a,
965 3407 989 3442 a.
1002 3387 1137 3444 Plutarch.

144 3483 168 3525 c.
187 3481 226 3532 ιι.
245 3465 352 3517 Arrian.
370 3480 402 3530 2,
426 3465 450 3528 3,
472 3464 512 3520 18.
534 3465 608 3515 Curt.
626 3465 652 3528 4,
674 3479 750 3526 1,1n.
