2660 3864
399 410 617 478 surannae.
638 378 794 461 cuorum
812 411 842 460 n.
860 409 894 458 n.
1032 386 1035 390 ’
1095 423 1143 473 113

149 573 202 621 tur
223 561 277 620 diu
305 571 389 620 antes
403 559 579 642 perscripta
608 557 768 622 vaticinia:
804 560 887 618 inter
914 575 995 640 quae
1024 563 1143 645 Tyrum

153 638 199 712 1ὅ)
219 639 444 702 Macedonibus
469 655 642 712 cessuram,
671 651 704 698 ct
729 641 842 698 Persas
871 657 888 698 a
918 641 1042 706 Graeco
1064 667 1143 730 quo·

150 713 221 781 dam
242 720 436 780 debellatum
460 719 509 793 iri,
530 721 616 780 clare
637 717 878 800 significabatur.
913 723 995 781 Eum
1016 745 1050 786 se
1071 729 1146 797 fore

42 841 46 850 ,
149 803 388 880 interpretatus,
408 799 530 860 ludaeis
551 800 726 875 concessit,
753 813 789 859 ut
811 799 894 858 domi
915 801 1059 888 forisque
1080 809 1144 868 suis
1227 855 1229 859 .

148 879 275 963 legibus
296 879 477 962 ritibusque
500 878 599 938 libere
623 891 804 954 uterentur3
828 891 860 938 et
882 883 953 963 qnia
977 888 1144 968 septimum

150 979 310 1043 quemque
338 973 451 1020 annum
480 959 690 1042 agriculturae
717 964 876 1020 exsortem
908 973 1022 1043 agunt,
1052 968 1177 1030 etiaml

150 1040 341 1102 tributorum
361 1039 420 1115 ista
440 1041 588 1122 portione
609 1041 820 1102 solverentur.
843 1043 992 1102 Naturam
1015 1069 1145 1132 qnoque
1221 1091 1226 1102 ι

150 1117 288 1202 regionis
310 1119 479 1180 admiratus
503 1117 560 1200 ¹9),
605 1142 662 1180 uae
684 1122 750 1182 aliis
772 1121 928 1181 fructibus
948 1124 1031 1185 inter
1054 1149 1145 1209 prae-

151 1199 351 1260 stantissimas
369 1200 470 1276 dives,
490 1142 727 1281 opobalsamum
748 1200 815 1262 sola
838 1203 998 1280 producit,
1023 1208 1147 1268 Andro·

150 1279 294 1340 maehum
305 1279 342 1339 iis
364 1279 549 1360 regionibus
563 1281 748 1359 preposuit:
774 1301 868 1362 quem
894 1282 1078 1346 Samaritani
1086 1288 1147 1368 ²⁰),

149 1360 299 1444 perpetui
317 1360 506 1418 Iudaeorum
525 1357 648 1433 hostes,
676 1361 783 1441 paullo
814 1373 888 1439 post
918 1364 1069 1426 atrociter
1094 1389 1147 1428 no·

152 1449 317 1502 caverunt.
346 1437 411 1496 Sed
426 1436 505 1499 haec
519 1435 567 1516 21)
583 1439 712 1521 quidem
735 1451 808 1521 post
830 1443 948 1518 'syrum
965 1442 1148 1528 Ganamque
1175 1495 1177 1500 .
1279 1502 1283 1512 χ

153 1530 345 1601 expugnatas
366 1529 456 1598 gesta
477 1529 564 1579 sunt:
590 1539 648 1580 nos
668 1540 728 1600 per
756 1521 953 1580 occasionem
984 1529 1148 1608 praecepi·

150 1620 228 1662 mus
453 1625 455 1634 ¹
487 1651 489 1655 -
514 1633 519 1642 ·
551 1653 553 1657 .
645 1631 649 1636 ·
746 1627 748 1634 ¹
1088 1669 1089 1672 ,

167 1705 176 1714 -·
237 1679 304 1738 XII.
332 1679 494 1753 Ceterum
512 1677 692 1760 angusti'ad
713 1699 799 1740 mare
819 1681 1037 1761 Pamphylium
1059 1706 1150 1766 supe·
1180 1712 1187 1720 “

153 1759 248 1832 ratis,
281 1757 460 1817 Alexander
478 1759 601 1840 *Pergis
629 1757 804 1838 profestosv
827 1761 857 1818 in
890 1761 1004 1822 itinere
1037 1764 1150 1826 obvios

154 1839 265 1898 habuit
291 1837 526 1918 Aspendiorum
552 1840 675 1920 legatos
707 1859 749 1898 ex
781 1839 977 1920 principibus
1006 1845 1150 1908 civitatis.

155 1919 180 1978 li
203 1928 352 2012 petentes
391 1914 436 1994 1),
469 1937 511 1978 ne
542 1915 751 2000 praesidium¹
767 1919 913 2000 recipere
949 1937 1152 2004 cogerentur,

155 1997 380 2082 quinquaginta
399 1996 516 2058 talenta
532 1999 563 2058 i'n
574 1997 777 2078 stipendium
796 2001 939 2076 militum,
954 2015 987 2063 et
1002 2013 1152 2087 quantuni

119 2131 123 2134 .
154 2091 313 2160 equorum
333 2076 444 2137 tributi
470 2078 597 2140 nomine
625 2079 695 2161 regi
714 2081 885 2140 Persarum
914 2083 999 2144 alere
1021 2105 1152 2148 consue-

154 2169 277 2233 verant,
300 2155 530 2238 promiserunt.
557 2157 633 2219 lade
653 2181 711 2219 rex
736 2159 775 2219 ad
796 2159 918 2222 Sidetas
945 2159 987 2242 ²),
1008 2169 1063 2248 qui
1088 2169 1153 2226 Me·

154 2238 258 2298 lanem
281 2255 404 2296 amnem
434 2239 598 2314 accolunt,
625 2257 814 2320 progressus
841 2253 906 2318 est3
922 2243 1153 2307 tCumaeorum

155 2337 195 2378 ex
216 2317 352 2380 aeolide
373 2337 482 2398 genus,
504 2317 560 2376 sed
583 2337 729 2378 sermone
752 2317 906 2392 barbaro:
927 2343 998 2381 nam
1013 2324 1153 2386 Graecus

156 2397 358 2471 exoleverat,
389 2415 451 2455 non
473 2396 676 2456 diuturnitate
697 2398 870 2478 temporis,
890 2412 926 2459 ut
948 2403 1078 2478 accidit3
1099 2424 1154 2465 ve·

79 2507 82 2510 s
126 2501 128 2504 ·
155 2497 226 2536 rum
245 2472 278 2556 ὃ)
300 2476 437 2536 maiores
462 2495 547 2552 suos,
567 2487 603 2535 ut
622 2475 654 2534 in
675 2496 726 2536 eas
749 2477 894 2559 regiones
917 2495 1081 2561 venerunt,
1102 2488 1154 2545 re'·
1257 2501 1258 2504 ’

155 2565 254 2636 pente
284 2556 400 2616 oblitos
432 2555 551 2636 patriae
572 2557 718 2636 linguae,
737 2575 850 2617 novam
872 2570 904 2617 et
919 2573 1015 2628 antea
1034 2563 1153 2625 inaudi-

155 2646 221 2694 tam
247 2637 390 2699 sonuisse
414 2635 638 2696 memorabant.
684 2636 759 2697 Side
787 2649 933 2718 recepta,
962 2663 1043 2724 quae
1063 2646 1154 2706 Pam·

155 2713 281 2795 phyliae
302 2715 492 2796 metropolis
515 2728 600 2791 erat,
633 2716 765 2796 Syllium
785 2715 907 2796 ibatur,
927 2730 1031 2782 tutum
1050 2733 1165 2786 namra

155 2793 234 2856 situs
253 2795 424 2877 oppidum,
450 2805 482 2856 et
512 2807 573 2857 tam
594 2797 766 2879 peregrino
786 2797 903 2877 milite,
923 2823 1020 2884 quam·
1036 2803 1154 2872 barbas

161 2979 356 2996 *aa

211 3087 245 3138 18,
269 3089 365 3153 Iesaias
385 3105 423 3143 11.
444 3092 537 3143 Daniel
555 3093 580 3157 8,
600 3111 640 3144 21.
723 3150 726 3154 ,

211 3170 242 3218 ¹9
272 3156 419 3272 (Clcdrenns.
437 3159 538 3209 Plinius
558 3177 592 3228 ia,
613 3164 653 3216 25.

208 3223 252 3354 ξς)
269 3229 510 3360 Issqlglfflslqllbgo·

225 3360 250 3428 ι)
271 3361 375 3410 Arrian.
399 3372 422 3424 1,
441 3373 466 3426 ts,
484 3373 509 3428 9.

223 3429 250 3495 2)
273 3431 383 3478 l’ausan.
400 3433 451 3482 tib.
471 3435 496 3482 8.

224 3499 257 3566 3),
271 3498 375 3546 anian
398 3508 420 3564 1,
440 3501 464 3566 8,
487 3513 528 3550 ao:
550 3495 643 3552 Suldas
661 3521 682 3552 r.
707 3506 798 3584 Σίδῃ,

190 3584 305 3636 Curtius,

941 3591 956 3637 8
