2660 3864
395 371 896 440 soert.1rtQ.coaT1un1c.u.
1112 377 1149 445 ss
1206 343 1208 350 ¹

141 539 230 581 sores
253 518 396 580 exsecuti
418 529 499 578 sunt.
520 523 671 583 Ceterum
690 518 896 581 illa-victoria
920 531 1019 582 totam
1041 523 1150 584 Asiam

142 601 187 660 cis
216 602 359 658 Taurum
392 611 425 659 et
456 599 642 683 Euphraten
670 600 797 682 aperuit
828 600 908 681 regi.
957 603 1145 676 attoniti-⁵)
1238 597 1242 605 i

141 680 300 762 insperata
312 677 414 753 clade,
435 699 498 739 non
520 681 619 762 copiis
641 681 749 756 modo,
770 678 827 740 sed
849 690 882 738 et
903 677 1036 740 ducibus
1057 682 1147 742 amis-

142 760 201 834 sis,
228 757 345 818 nullam
371 769 598 842 praeterquam
624 760 657 820 iu
692 759 860 822 clementia
889 759 1023 820 victoria
1057 781 1147 842 spem

141 836 314 914 habebant3
336 857 469 920 eamque
497 838 642 900 festinata
667 838 830 900 deditione
855 839 998 899 certatim
1020 844 1170 922 prome-l

142 919 209 978 reri
229 917 421 998 satagebant.
443 916 615 1001 Phrygiam
639 920 761 980 Arsites
782 919 963 981 voluntario
986 923 1073 982 exitu
1095 931 1160 980 van

143 1017 233 1058 cuam
254 995 394 1056 fecerat:
419 996 449 1056 ei
473 999 565 1061 Calas
589 999 816 1060 Thessalorum
841 997 957 1060 ductor
1001 999 1151 1080 raeponi·¹

141 1088 205 1137 tur.
246 1078 295 1136 Ex
318 1078 471 1138 montanis
495 1079 526 1151 ⁶]
597 1099 682 1163 oque
702 1079 781 1139 locis
828 1078 952 1161 lerique
974 1021 1148 1140 descende-

142 1168 227 1228 runt,
250 1176 350 1240 seque
372 1169 406 1217 et
428 1179 483 1218 sua
505 1159 545 1220 de
570 1171 659 1220 entes
678 1099 870 1220 Alexandro.
912 1161 978 1218 Eos
999 1159 1029 1220 in
1050 1157 1148 1220 fidem

142 1248 292 1330 acceptos
320 1237 450 1298 domum
477 1240 614 1300 remisit:
644 1237 818 1320 Zelitisque
843 1237 982 1318 ignovit,
1016 1259 1096 1321 quos
1130 1259 1148 1297 a

142 1318 249 1376 Persas
278 1328 406 1377 coactos
435 1317 589 1377 adversus
616 1318 719 1398 ipsum
757 1317 907 1376 militasse
939 1328 1144 1398 cognoverat.

143 1397 314 1456 'Pributum
350 1395 495 1456 omnibus
525 1397 705 1477 impositum
728 1407 792 1472 est,
819 1395 908 1478 quod
942 1397 1042 1455 Dario
1069 1417 1147 1476 pen·

142 1477 222 1535 dere
244 1475 498 1536 consuevissent:
525 1475 623 1559 idque
653 1487 765 1557 postea
795 1485 977 1536 constanter
997 1474 1147 1550 servarit,

127 1574 215 1628 cum
245 1565 368 1614 ceteras
394 1554 489 1614 Asiae
521 1556 670 1638 regiones
696 1555 870 1636 subigeret.
913 1557 1018 1615 Omne
1037 1551 1068 1632 7)
1091 1574 1148 1634 pa·

124 1631 307 1716 'regriuum
340 1633 507 1714 imperium
537 1634 674 1695 invidiae
702 1635 880 1694 subiectum
905 1653 975 1694 esse
1002 1644 1147 1708 noverat,

142 1715 237 1773 etiam
260 1733 333 1772 cum
354 1713 531 1774 domestico
553 1715 658 1774 mitius
681 1726 747 1790 est3
776 1727 807 1774 at
827 1715 857 1772 si
874 1725 985 1773 vetera
1006 1712 1147 1772 subdito-

142 1813 213 1852 rum
235 1811 332 1852 onera
353 1792 444 1854 novis
458 1795 668 1869 cumulentur,
683 1791 917 1853 intolerandum
934 1792 1054 1852 haberi.
1087 1792 1147 1873 lgi-

141 1884 195 1932 tur
216 1872 356 1932 monenti
380 1872 504 1933 cuidam
527 1872 569 1952 ὅ),
591 1875 686 1956 longe
707 1872 779 1954 plus
794 1873 988 1932 tributorum
1008 1871 1148 2008 vectiga-

141 1952 285 2035 liumque
320 1963 473 2015 extante
513 1954 647 2034 imperio
679 1952 785 2032 redigi
811 1971 932 2032 posse,
970 1970 1089 2043 respon
1112 1951 1148 2024 it,v

143 2033 238 2092 etiam
270 2031 420 2094 olitorem
448 2053 483 2094 se
513 2033 637 2108 odisse,
680 2032 736 2116 qui
763 2032 916 2092 radicitus
947 2020 1187 2091 exscinderettl

142 2111 247 2188 olera,
277 2131 359 2194 quae
388 2133 521 2194 carpere
550 2112 724 2176 debuisset.
768 2112 959 2191 Dascyleum
986 2109 1147 2191 praesidio

141 2193 312 2252 Persarum
334 2193 438 2253 teneri
458 2194 634 2256 audiverat.
663 2195 713 2252 Eo
735 2191 979 2252 Parmenionem
998 2190 1084 2248 misit
1105 2183 1147 2267 9),

166 2292 238 2331 uem
261 2292 303 2352 op
327 2271 411 2332 idani
433 2273 537 2333 statim
564 2283 775 2354 receperunt,
796 2291 886 2346 cum,
914 2269 1022 2329 audito
1043 2269 1148 2327 Mace·

142 2292 261 2411 :ionum
284 2293 432 2426 adventu,
451 2354 570 2410 Persae
595 2350 814 2412 excessissent.
843 2351 914 2429 lpse
935 2346 1051 2406 Sardes
1071 2367 1148 2426 pro·

143 2431 238 2489 cessit
261 2429 318 2504 ¹⁰),
345 2441 440 2510 caput
471 2429 612 2488 omnium
634 2448 715 2510 quae
737 2428 911 2506 praefectis
933 2445 1009 2486 orae
1030 2425 1148 2484 mariti·

141 2528 212 2570 mae
233 2509 404 2568 Persarum
432 2525 526 2586 reges
543 2526 669 2587 ‘parere
700 2507 865 2566 iusserant.
906 2507 1035 2585 lamque
1063 2503 1148 2564 haud

142 2587 276 2669 amplius
309 2585 509 2668 septuaginta
539 2585 645 2646 stadiis
671 2585 711 2646 ab
741 2584 838 2646 urbe«
854 2583 980 2660 aberat,
1008 2603 1080 2643 cum
1109 2583 1148 2644 ad

144 2687 220 2726 eum
256 2665 430 2725 Mithrenes
466 2665 569 2743 venit,
606 2667 658 2726 cui
692 2665 827 2724 tutelam
866 2664 948 2724 arcis
976 2661 1147 2725 Sardianae

142 2745 261 2806 Darius
290 2742 475 2806 crediderat
499 2745 560 2827 ¹¹),
589 2743 878 2827 comprincipibus
906 2741 1148 2824 Sardianorum,

212 3032 227 3083 ⁵
259 3029 357 3081 Strabo
375 3029 425 3079 lib.
446 3029 486 3085 13.

210 3099 229 3151 6
258 3096 629 3162 Arrian.1,6‚1.1,5‚8.

259 3168 367 3216 Curtius
385 3166 412 3230 6,
432 3181 459 3230 3,
482 3177 521 3214 ιο,

212 3180 228 3286 b
259 3234 370 3352 Hippot
389 3249 404 3282 a
422 3227 546 3284 Collibus
562 3233 692 3302 Princeps
713 3250 735 3285 c⁴
760 3234 801 3284 ³3.
821 3250 851 3287 en
870 3233 986 3286 Maximo
1007 3235 1096 3302 Tyrio.
1202 3297 1204 3303 ¹

285 3303 397 3354 uriaml
427 3305 443 3356 6
473 3316 497 3349 a.

199 3317 230 3421 ag
262 3337 502 3434 Plutarcb.'c.'ap.
522 3366 665 3417 Pausanias
682 3367 728 3417 lib.
749 3381 772 3434 3¹.

186 3439 241 3509 ,ιι)
258 3437 362 3488 Arrian.
383 3443 408 3501 1,
422 3437 448 3500 6,
461 3437 484 3487 3.
495 3434 609 3488 Diodor.
631 3441 671 3501 17,
687 3441 728 3490 21.
