2660 3864
380 355 493 406 SUP'Pl..
515 353 551 405 tlt
569 355 878 422 Q.cunT1Uttt.11.
1084 367 1113 416 71

122 503 265 568 thesauri
283 504 381 586 ipsius
408 503 537 564 essent?
557 523 635 564 vei-e
651 505 861 586 responderet
875 501 917 582 7),
941 505 1024 590 spud
1042 509 1117 569 ami-

121 606 188 651 cos.
229 584 310 646 Sane
339 585 379 646 de
402 605 521 646 sumina
549 597 657 646 rerum
680 587 746 645 alea
773 585 868 663 iacta,
897 609 958 650 non
981 588 1116 649 absurde

123 668 299 732 collocasse
319 665 449 728 ridetur
470 685 490 726 o
515 685 559 740 es,
586 686 664 748 quas
679 664 825 726 habebat:
838 667 956 750 quippe
978 683 1031 728 aut
1053 670 1117 730 vic-

121 760 176 814 tor
194 745 294 808 multo
315 745 450 807 maiores
472 686 645 828 adepturus
667 756 753 824 crat3
787 759 840 806 aut
860 747 886 807 si
907 750 1006 808 victus
1023 760 1118 825 esset,

119 829 197 890 istas
233 847 364 922 quoque
396 826 584 888 amissurus:
623 838 721 910 atque
756 826 880 887 interim
913 829 1118 890 alacrioribus

124 909 276 970 ministris
304 907 464 967 utebatur.
505 909 618 989 Neque
645 907 777 967 multum
808 907 1002 976 abscedebat
1027 931 1119 992 prae-

121 989 264 1050 sentibus
287 986 535 1062 necessitatibus,
556 1007 627 1046 cuin
649 1009 742 1068 agros
764 999 797 1048 et
819 989 958 1068 praedia,
981 1001 1015 1050 et
1037 989 1118 1051 redi-

121 1081 192 1144 tus,
222 1089 359 1165 quorum
382 1067 448 1130 dies
469 1068 570 1128 multo
592 1079 666 1149 post
689 1069 812 1130 venturi
839 1080 946 1144 erant,
970 1069 1119 1134 donaret:
1217 1073 1219 1077 ’

121 1171 257 1232 pecunia
285 1149 315 1208 in
344 1148 421 1209 belli
451 1169 542 1208 usum
570 1149 727 1230 seposita,
754 1149 842 1209 cuius
870 1160 987 1233 quanto
1018 1151 1121 1212 minoi·

122 1231 215 1312 copia
243 1241 329 1304 erat,
370 1229 550 1310 diligentius
587 1228 870 1288 administrabatur.
929 1230 1058 1316 Quippe
1088 1229 1119 1301 δ’)

120 1311 273 1394 Philippo
301 1309 474 1371 interfecto
504 1308 606 1368 minus
637 1308 795 1390 sexaginta
816 1308 1119 1391 talentis'pecuniae

119 1393 263 1474 signatae
288 1399 452 1472 paucaque
483 1408 522 1448 ex
543 1409 620 1448 auro
642 1399 675 1447 et
697 1399 828 1470 argento
843 1389 959 1527 pocula
983 1391 1014 1450 in
1037 1389 1118 1449 thes·

120 1473 208 1534 auris
239 1471 308 1532 eius
338 1491 398 1552 rep
438 1477 469 1527 ta
499 1479 588 1544 sunt,
616 1488 686 1528 cuni
714 1469 795 1528 aeris
813 1469 918 1528 aieni
949 1470 1118 1564 quingente

119 1554 229 1614 ferme
262 1551 380 1612 talenta
408 1543 424 1591 9
464 1549 671 1633 relinqueret.
720 1550 920 1643 Quamquam
949 1571 1031 1610 emm
1061 1562 1119 1610 iste

119 1655 192 1694 rein
216 1629 449 1690 Macedonicam
470 1628 641 1711 insignibus
662 1629 862 1690 incrementis
884 1630 1034 1706 auxisset·
1053 1630 1120 1689 auri

121 1731 256 1934 qno>ue
280 1710 415 1770 metallis
436 1709 520 1790 apud
546 1710 695 1772 Crenidas
721 1709 804 1790 (ipse
826 1709 990 1790 Philippos
1015 1711 1119 1791 appel-

120 1793 202 1854 lavit
238 1791 281 1852 ita
303 1788 445 1864 excultis,
467 1800 503 1850 ut
529 1788 573 1862 ¹⁰]
592 1789 666 1850 inde
688 1789 774 1849 mille
795 1791 912 1850 talenta
936 1792 1028 1850 annui
1048 1813 1123 1872 pro=

58 1881 62 1892 ⁸
122 1894 239 1936 venus
262 1881 471 1954 cogerentur3
501 1868 656 1930 continuis
684 1869 777 1931 bellis
808 1890 912 1954 neque
940 1871 1041 1931 minus
1063 1872 1124 1929 lar-

120 1951 297 2051 gitionibus
341 1949 498 2011 aerarium
537 1949 749 2011 exhauserat·
788 1949 993 2014 Macedoniae
1029 1951 1122 2012 etiam

121 2033 343 2096 instaurandae
361 2030 584 2114 ornandaeque
600 2052 729 2114 magnos
750 2043 871 2091 sumtus
892 2030 1034 2110 fecerat,¹
1052 2052 1123 2092 cum

121 2115 359 2199 pauperrimam
382 2111 568 2194 accepisset.
611 2115 717 2194 Ipsum
738 2112 821 2172 inter
837 2111 922 2172 initia
943 2112 1037 2194 regni
1057 2124 1124 2172 ten-

121 2214 197 2256 uem
220 2195 328 2269 fuisse,
350 2204 382 2253 et
408 2193 449 2271 ¹¹)
473 2212 544 2252 cum
566 2213 606 2254 ex
627 2193 851 2277 quinquaginta
876 2191 1033 2253 drachmis
1057 2191 1126 2250 auri

121 2276 276 2359 poculum
297 2272 445 2345 haberet,
466 2271 499 2331 id
523 2273 664 2334 cubitum
689 2284 815 2333 euntem
836 2272 930 2353 capiti
951 2273 1125 2332 subiecisse

122 2356 271 2438 plerique
293 2354 499 2414 meminerant
531 2353 634 2412 Huius
655 2372 733 2433 crgo
756 2352 840 2412 tilius
862 2351 947 2411 bello
968 2350 1127 2412 lacessivit

123 2455 235 2516 regem
257 2435 438 2503 Persarum,
455 2447 507 2488 cui
530 2428 575 2510 ²²)
601 2451 746 2492 somnum
768 2431 904 2510 capienti
919 2432 1058 2513 quinque
1081 2441 1127 2489 ta-

122 2517 286 2576 lentorum
299 2510 367 2570 auri
382 2507 478 2568 millia
491 2527 550 2588 pro
567 2509 725 2583 cervicali,
739 2507 798 2567 tria
806 2509 928 2602 argenti
938 2530 996 2590 pro
1007 2509 1138 2604 asahel)

60 2586 69 2600 ‘
123 2597 171 2664 lo,
194 2591 252 2652 sub
269 2591 375 2670 capite
391 2586 591 2670 pedibusque
611 2587 731 2666 lectuli,
747 2588 960 2669 peculiaribus
974 2589 1127 2651 cubiculis

124 2669 351 2733 servabantur:
379 2687 570 2754 quamquam
592 2669 632 2732 ad
652 2669 699 2750 ¹³)
732 2679 900 2750 paternum
916 2689 969 2731 aes
993 2670 1128 2732 alienum

143 2808 326 2822 *ι-

120 2971 123 2976 λ
195 2923 211 3026 p
242 2905 373 2959 Ammian.
390 2908 510 2963 Marcell.
528 2919 571 2975 ας,
593 2907 631 2976 14.

245 2977 347 3028 Arrian.
370 2993 394 3044 7,
414 2985 440 3041 2,
462 2991 500 3040 ¹5·

193 3043 223 3113 9)
242 3044 349 3096 Curtius
370 3057 410 3110 ιο,
428 3062 454 3112 a,
472 3043 666 3110 α4.Ρ1ιιὶω·οὴ.
686 3063 709 3098 c.
727 3046 769 3102 23.
787 3053 813 3097 et
834 3045 869 3097 ds
885 3037 948 3095 lorti
964 3045 1040 3096 Alex.
1061 3061 1084 3108 ι,
1103 3045 1128 3095 3.

126 3122 155 3166 ‘t
173 3113 371 3318 πἰἓξμ1)ἰοάοι·.
393 3183 432 3246 ιθ,
453 3183 479 3235 d.
575 3234 578 3243 ,

201 3267 227 3302 ιι
264 3249 416 3301 Athenaeus
433 3254 459 3314 4,
481 3247 522 3315 14.
542 3258 570 3300 et
587 3250 614 3315 6,
633 3260 658 3311 4.

198 3326 227 3374 ¹2
258 3317 409 3370 Athenaeus
430 3327 470 3386 19,
487 3326 512 3377 2.

197 3320 239 3455 tsi
258 3388 362 3438 Arriau.
385 3405 410 3456 7,
430 3403 456 3455 a,
476 3387 711 3443 restauretur.
731 3389 771 3442 23.
793 3397 819 3438 et
838 3385 872 3440 de
891 3389 954 3439 sort.
973 3385 1048 3437 illex.
1063 3401 1085 3449 ι,
1105 3385 1130 3437 3.

127 3465 160 3510 et
177 3463 202 3522 2,
223 3453 264 3524 24.
