2660 3864
197 393 247 446 na
541 375 544 379 ’
560 389 581 445 1.
601 389 820 441 ramnsurnu

194 555 304 598 rorum
325 537 531 598 accolentium
552 535 641 599 firma
663 559 755 598 manu
775 538 905 620 egregie
930 541 1096 610 munitum.
1142 549 1189 608 Ea

194 637 248 678 res
268 629 302 678 et
322 617 395 699 quia
416 618 593 698 Aspendios
617 618 775 688 rebellare
794 619 993 683 nuntiabatur
1010 623 1053 698 l),
1073 629 1188 688 avertit

194 697 274 758 iter:
304 697 552 780 Aspendnmque
573 697 686 760 ductus
708 711 756 758 est
784 699 951 762 exercitus.
991 703 1057 776 Illi,
1086 707 1188 768 subita

192 777 400 838 Macedonum
428 778 754 859 irruptioneterriti,
784 777 917 838 desertis
938 802 1017 920 guae
1038 783 1070 843 in
1092 786 1187 866 plano

193 869 284 918 erant
307 856 466 933 aediliciis,
488 859 518 917 in
558 879 646 920 roem
670 879 867 919 concessere.
914 863 1110 942 Aexander,
1134 887 1187 928 ra·
1259 906 1261 912 ,

194 957 252 998 cua
274 938 355 998 urbe
375 939 494 1019 potitus
518 879 565 1018 ἦ,
600 939 659 998 sub
687 939 753 1020 ipsa
774 959 848 999 arce
870 953 971 1000 castra
999 947 1185 1024 communit;

192 1029 226 1077 et
246 1037 318 1078 oum
338 1018 544 1099 peritissimos
560 1019 748 1097 architectos
763 1018 908 1094 haberet,
922 1035 1074 1101 apparatu
1085 1046 1186 1106 oppu-

193 1098 345 1178 gnationis
375 1098 521 1170 obsessos
551 1098 591 1158 ad
622 1119 734 1178 pacem
762 1099 928 1180 prioribus¹
956 1102 1186 1167 conditionibus

190 1177 396 1258 repetendam
417 1177 579 1259 compulit.
619 1177 702 1240 Nihil
723 1179 762 1240 a'd
785 1179 903 1242 maiora
945 1185 1106 1261 coperanti
1129 1207 1148 1246 o
1171 1221 1186 1247 «-

100 1258 103 1262 ’
191 1257 285 1334 tatius
307 1257 453 1318 accidere
472 1259 642 1340 potuisset,
663 1281 757 1342 quam
777 1258 841 1319 loci
860 1201 945 1332 baud
966 1208 1185 1337 contemnendi

191 1337 286 1420 longa
313 1337 475 1402 obsidione
502 1360 565 1398 non
590 1339 805 1412 detineretur3
836 1359 876 1399 ne
907 1351 1010 1400 tamen
1035 1343 1185 1482 impunita

191 1418 392 1480 delectorum
412 1431 446 1478 te
480 1419 573 1480 eritas
595 1431 694 1491 esset,
720 1418 899 1500 potissimos
921 1420 1036 1481 civium
1057 1443 1076 1482 o
1101 1425 1185 1486 sides

190 1498 288 1571 tradi,
325 1441 523 1580 pecunibq'ue
554 1500 726 1580 imperatae
761 1518 820 1560 neo
848 1499 1008 1566 exsolutae
1033 1523 1186 1566 summam

191 1577 357 1659 duplicari,
381 1579 554 1658 praecipit:
583 1579 739 1640 adiectum
760 1590 825 1654 est,
838 1591 890 1657 =ut
909 1591 1064 1661 satrapae,
1089 1605 1186 1667 quem

87 1694 89 1696 -
150 1728 154 1736 ¹
192 1656 374 1718 Alexander
394 1658 612 1738 praefecisset,
637 1658 815 1731 obedirent,
837 1679 936 1720 annua
956 1662 1184 1725 Macedonibus

190 1737 308 1806 tributa
329 1738 501 1812 solverent,
525 1751 557 1800 et
579 1740 619 1800 de
641 1759 728 1822 agro,
749 1740 833 1799 unde
854 1739 973 1801 ricinos
1000 1742 1034 1802 r'i
1048 1744 1185 1806 eiecisse

191 1817 422 1899 arguebantur,
449 1818 567 1883 iudicio
590 1819 827 1888 contenderent.
868 1819 926 1878 His
955 1821 998 1880 ita
1017 1824 1113 1904 gestis
1134 1845 1185 1886 re·

182 1917 317 1974 ,mensus
338 1896 415 1972 iter,
445 1900 533 1980 quod
561 1899 600 1962 ad
630 1901 838 1982 Pergensium
866 1898 1018 1978 oppidum
1046 1902 1185 1982 ferebat,

190 1976 263 2045 inde
284 1977 425 2058 perrexit
446 1979 476 2036 in
496 1979 676 2059 Phrygiam.
714 1979 783 2051 ‚Sed
814 1977 843 2057 b')
873 1999 933 2059 per
958 1981 1018 2040 ista
1038 1983 1108 2044 loca
1129 1985 1184 2044 du*

190 2057 273 2116 canti
293 2057 489 2194 superandae
514 2071 602 2118 erant
631 2059 807 2139 angustiae,
833 2079 910 2142 quas
937 2059 1024 2120 iuxta
1052 2064 1184 2123 Talmis·

186 2157 269 2211 sum,
291 2158 329 2195 ur
352 2157 401 2208 cm
426 2137 621 2215 Pisidarum,
649 2139 712 2197 dno
740 2151 863 2200 montes
889 2159 928 2198 ex
954 2141 1089 2203 adverso
1111 2163 1184 2204 oon·
1229 2152 1232 2158 '

190 2227 356 2276 currentes
378 2214 535 2292 efficiunt,
560 2219 604 2278 ita
631 2218 749 2290 strictis
773 2217 936 2294 lancibus,
964 2232 1001 2286 ut
1016 2234 1185 2301 ¹portarum

189 2296 422 2372 sirnilitudinem
451 2297 622 2362 reserante
647 2318 763 2382 casque
791 2297 919 2359 barbari
932 2313 1063 2361 armata
1091 2324 1184 2362 manu

88 2407 92 2414 ·
187 2378 349 2472 utrimque
376 2378 568 2443 insederant.
608 2379 787 2441 Alexander
815 2379 847 2438 in
874 2378 944 2460 ipso
970 2381 1057 2440 aditu
1084 2394 1184 2450 castra

212 2457 264 2516 oni
294 2457 400 2531 rubet,
426 2471 527 2531 ratus,
578 2459 643 2522 uod
670 2459 795 2534 evenit,
819 2458 1045 2520 Telmissenscs
1076 2463 1184 2524 castris

111 2574 114 2579 ·
185 2478 298 2602 focatis
318 2537 495 2618 perieulum
516 2481 641 2602 diderri
666 2539 831 2600 credentes
859 2559 922 2598 non
950 2540 1004 2599 diu
1030 2540 1183 2604 haesuros

185 2617 219 2682 in
240 2618 402 2698 angustiis,
424 2619 481 2680 sed
501 2620 626 2681 modico
648 2620 679 2678 in
699 2617 761 2678 illis
783 2619 896 2679 relicto
916 2620 1075 2699 praesidio
1099 2634 1182 2682 cete·

184 2718 242 2764 ros
263 2697 294 2764 in
314 2697 426 2758 urbem
447 2719 632 2762 recessuros
654 2719 733 2760 esse.
776 2699 876 2779 Igitur
904 2699 1069 2761 occasione
1098 2700 1183 2762 haud
1249 2723 1255 2740 ⁸

188 2778 329 2858 segniter
349 2799 434 2856 usus,
454 2781 600 2860 protinus
613 2777 792 2862 sagittarios
813 2789 846 2838 et
866 2776 1056 2856 funditores,
1081 2782 1183 2873 quod·

189 2877 252 2939 que
273 2878 311 2918 ex
333 2859 422 2940 gravi
442 2872 599 2919 armatura
624 2857 758 2918 maxime
790 2857 972 2938 expeditum
995 2871 1072 2937 erat,
1093 2861 1182 2920 rnduss

189 2937 247 3014 cit3
276 2950 318 3014 et,
343 2939 501 3018 praesidio
528 2938 739 2999 barbarorum
766 2936 952 3014 deturbato,
983 2949 1054 2998 ante
1083 2940 1181 3020 ipsam

187 3016 300 3077 urbem
323 3029 423 3078 castra
444 3019 592 3081 collocat.
634 3019 682 3078 lbi
707 3020 827 3100 legatos
854 3016 1051 3158 Selgensium
1084 3020 1180 3097 audit,

187 3098 243 3181 qui
262 3097 303 3160 ob
324 3108 461 3158 vetustas
482 3120 554 3160 cum
575 3098 685 3160 ricinis
711 3097 909 3158 Telmissens‘
934 3117 970 3156 us
996 3097 1181 3179 simultates,

192 3259 363 3274 -ῌ

255 3323 278 3416 4Ι
302 3347 405 3402 Ari-ian.
429 3351 496 3414 me,
519 3340 559 3402 tr.
698 3416 700 3420 Ι

255 3421 270 3468 5
302 3419 402 3466 vnruv.
425 3431 464 3482 ro,
491 3434 527 3483 ¹9·
546 3419 659 3472 Arrian—
673 3421 747 3482 r,''8,‘
760 3432 799 3482 13.

252 3485 280 3547 6)
301 3484 395 3535 Strabo
413 3488 460 3537 lib.
480 3489 520 3550 ¹4·
540 3489 644 3538 Arrian.
669 3505 693 3552 r,
712 3489 796 3554 s,15.
