2636 3860
382 335 497 388 SUPPL.
514 335 551 387 IN
572 291 607 404 Ο.Ι
623 333 785 390 CURTIUM
802 337 833 390 L.
857 338 880 390 1.
1118 288 1149 395 ti

141 486 220 562 hus,
239 483 390 567 quoniam
412 493 506 544 eursu
519 483 692 566 plurimum
704 484 839 563 valeret,
860 484 982 548 debere
1003 484 1151 570 profiteri

152 585 267 626 nomen
298 585 389 624 suum
409 565 587 640 intereos,
619 564 673 648 qui
693 564 868 646 Olympieis
895 566 977 628 ludis
999 569 1152 628 certaturi

151 656 268 715 essent,
289 645 483 726 cognominis
507 645 568 706 sihi
588 645 674 728 regis
698 645 861 729 exemplo,
893 668 1036 728 magnam
1058 668 1095 707 ea
1115 668 1151 711 re

150 747 210 806 per
240 723 408 784 Graeciam
439 726 499 786 sibi
526 724 641 800 famam
655 737 943 806 comparaturum:
978 727 1152 804 Facerem,

151 803 265 886 inquit,
286 804 312 864 si
332 825 428 886 reges
448 805 600 866 haberem
616 803 825 868 adversarios.
866 806 1005 893 Quoties
1029 805 1074 886 ¹3)
1100 817 1153 866 aut

151 885 316 965 praeclara
337 885 444 968 aliqua
466 906 573 970 pugna
587 885 691 966 Philip
715 905 753 948 us
774 886 907 962 vicerat,
929 899 983 947 aut-
999 887 1153 968 oppidum

151 964 340 1045 opulentum
363 965 400 1036 in
426 977 619 1048 potestatem
639 907 826 1047 redigeret,
858 965 1045 1028 laetantibus
1066 967 1153 1043 aliis,

150 1045 220 1126 ipse
251 1043 337 1104 haud
362 1045 501 1108 obscure
521 1045 757 1108 indoleseebat:
792 1059 988 1130 exceptaque
1015 1065 1079 1108 vox
1105 1057 1155 1108 est

151 1125 314 1217 querentis
334 1124 418 1188 inter
437 1127 598 1210 aequales,
618 1125 694 1186 nihil
716 1125 833 1208 reliqui
852 1128 1014 1188 facturum
1030 1138 1154 1220 patrem

151 1204 211 1266 sibi
222 1204 391 1288 ipsisque,
417 1226 490 1266 eum
519 1205 740 1268 adolevissent.
781 1207 911 1292 Quippe
933 1207 1154 1290 depemturum

152 1285 273 1368 gloriae
301 1285 494 1362 verebatur,
525 1285 682 1370 quidquid
709 1287 895 1348 accessisset
922 1287 1053 1368 opibus:
1095 1307 1154 1354 nec

55 1405 59 1416 ·
155 1377 219 1426 tam
238 1363 351 1425 harum
370 1365 591 1450 possessione,
612 1387 706 1448 quam
723 1367 813 1428 istius
834 1367 981 1448 cupidine
1005 1365 1155 1429 moveba-

156 1457 220 1505 tur.
242 1444 369 1507 lSomni
396 1457 508 1508 natura
527 1445 729 1526 parcissimus
757 1446 852 1506 etiam
873 1458 941 1507 arte
962 1446 1155 1528 vigilantiam

156 1525 335 1587 adiuvabat.
375 1522 409 1584 Si
430 1525 508 1608 quid
522 1525 728 1604 occurrisset,
749 1525 836 1610 quod
857 1526 939 1586 seria
953 1525 1155 1588 meditatione

155 1605 286 1688 dignum
307 1604 493 1682 rideretur,
515 1604 746 1686 comprehensa
765 1606 829 1690 pila
850 1617 1010 1687 argentea,
1031 1605 1156 1668 brachi-

152 1689 206 1744 um
227 1695 318 1746 extra
344 1683 463 1747 lectum
483 1685 688 1767 porrigebat,
716 1699 752 1748 ut
777 1681 821 1765 ¹²)
843 1685 875 1747 in
895 1686 1069 1750 subiectam
1088 1686 1156 1768 pel-

155 1765 221 1827 vim
243 1764 372 1852 illapsa,
394 1765 529 1833 excitato
551 1765 674 1845 sonitu,
695 1777 862 1848 torporem
883 1765 915 1826 in
934 1787 1079 1832 somnum
1102 1766 1157 1825 de-

142 1842 289 1923 ,finientis
313 1844 499 1910 discuteret,
541 1847 630 1911 Deos
657 1844 696 1906 ab
717 1845 844 1907 ineunte
864 1858 968 1911 aetate
991 1844 1157 1930 magnifiee

78 2001 81 2006 Ι
153 1925 263 1986 coluit.
303 1925 402 1992 Sacro
428 1921 472 2006 13)
494 1925 632 2008 quodam
652 1925 696 1992 ita
713 1927 893 1992 liberaliter
913 1927 1007 1988 thura
1022 1924 1156 1986 flammis

143 2005 277 2083 intulit,
304 2017 341 2076 ut
360 2005 537 2082 Leonidas,
563 2006 613 2070 vir
637 2025 769 2072 severus
793 2019 828 2073 et
847 2028 974 2102 pareus,
991 2006 1158 2146 prolusio-

153 2105 227 2148 nem
246 2085 338 2148 istam
353 2107 423 2150 non
442 2085 569 2164 ferens,
591 2087 801 2164 exclamaret,
830 2107 876 2148 stc
897 2087 989 2150 adole
1014 2088 1057 2164 is,
1085 2107 1158 2148 eum

144 2166 304 2248 ¹regiones
332 2166 518 2250 subegeris,
546 2167 602 2228 ubi
628 2165 708 2230 haec
728 2180 909 2230 naseuntur.
951 2168 1048 2230 Cuius
1069 2167 1157 2228 vocis

154 2265 288 2323 memor,
309 2267 382 2310 oum
397 2260 511 2329 postea
530 2245 720 2318 thuriferam
735 2248 886 2310 Arabiam
923 2259 1040 2324 acaret,
1060 2247 1159 2320 multa

154 2326 292 2392 odorum
303 2327 421 2393 talenta
440 2327 525 2389 misit
533 2326 707 2406 Leonidae,
729 2348 803 2390 cum
823 2270 987 2404 mandatis,
1012 2347 1052 2386 ne
1073 2337 1159 2407 post-

153 2405 212 2466 hac
240 2405 272 2472 in
286 2407 432 2470 Deorum
450 2406 628 2472 honoribus
649 2407 832 2472 adstrictior
853 2427 924 2468 esse
946 2406 1054 2481 vellet,
1075 2423 1157 2486 quos

143 2485 349 2566 intelligeret
375 2485 458 2548 dena
485 2483 630 2544 hilariter
662 2485 768 2547 oblata
790 2497 855 2546 tam
881 2487 970 2566 larga
995 2505 1090 2562 manu
1109 2504 1160 2544 re·

159 2563 313 2646 pendere.
353 2565 457 2630 Animi
471 2561 613 2624 sublimis
635 2575 667 2626 et
682 2585 794 2647 magna
817 2565 959 2626 conaturi
973 2564 1161 2625 documenta

158 2654 282 2706 mature
304 2642 402 2704 dedit.
442 2641 550 2704 Persis
572 2662 610 2704 ea
633 2655 823 2725 tempestate
849 2647 1057 2718 Artaxerxes,
1086 2663 1160 2726 cog·

148 2733 308 2798 nomento
330 2721 450 2802 Ochus,
470 2733 630 2806 praeerat.
669 2725 753 2790 Eum
778 2725 823 2804 14)
845 2725 1020 2789 Artabazus
1042 2735 1075 2785 et
1093 2726 1160 2784 Me-

157 2825 195 2862 na
220 2801 245 2863 is
273 2801 441 2896 Satrapae,
467 2805 680 2889 Memnonque
709 2805 870 2880 Rhodius,
900 2805 1048 2888 egregius
1077 2804 1159 2880 (lux,

159 2823 246 2944 hello
267 2883 494 2948 lacessiverant
502 2903 512 2958 3
550 2885 607 2946 sed
640 2886 782 2966 potentia
808 2885 893 2968 regis
915 2886 1078 2968 oppressi,
1105 2885 1160 2944 de·

55 2981 61 3002 ³
157 2975 242 3024 serta
262 2963 347 3040 Asia,
369 2964 409 3024 ad
423 2964 606 3045 Philippum
629 2964 852 3060 profugerant.
897 2967 956 3026 His
976 2977 1042 3024 tum
1067 2966 1160 3024 Alex-

66 3080 69 3086 -
158 3043 257 3106 ander
285 3045 430 3130 septenni
456 3045 561 3112 minor
593 3066 675 3124 mire
703 3045 942 3125 delectabatur,
977 3044 1159 3129 crebroque

160 3179 360 3198 m

226 3267 253 3304 tt
288 3249 428 3302 Plutarch:
444 3265 468 3300 e.
488 3249 513 3302 6.
534 3259 560 3302 et
578 3247 738 3317 apopthegg.
757 3265 781 3300 e.
800 3249 841 3300 36.
860 3249 996 3317 Gregoras
1013 3249 1060 3300 tib.
1077 3263 1103 3315 9.

227 3334 259 3372 12
292 3320 380 3368 Amm.
396 3311 517 3368 Marcell.
540 3320 579 3383 16,
595 3319 620 3368 6.

229 3390 259 3439 13
290 3385 425 3438 Plutarch.
441 3404 466 3438 e.
484 3384 526 3452 44.
546 3383 722 3454 ahophthegg.
741 3403 765 3436 e.
785 3385 826 3448 37.
839 3386 908 3436 Ptin.
928 3400 968 3440 te.
987 3381 1029 3450 14,
1052 3397 1091 3449 17.

227 3453 257 3529 14
289 3455 402 3506 Diodor.
425 3455 508 3506 Sicul.
532 3457 573 3519 16,
593 3456 634 3506 53.
655 3451 731 3510 Curi·
749 3458 776 3518 6,
799 3452 825 3518 4,
842 3455 884 3512 25.
