2636 3860
431 349 547 409 seret.
566 359 603 410 ur
620 359 654 426 o.
674 353 831 414 cuarmu
847 362 879 416 t.
896 361 917 415 1.
1105 348 1152 420 ‘19

147 493 279 558 modum
297 494 451 568 eminens,
472 494 591 556 virtute
611 493 729 574 potius,
746 498 844 577 quani
864 497 1001 560 restium
1022 513 1145 576 ornatu,

149 575 275 638 anteire
297 595 371 636 suos
386 575 626 657 imperatorium
649 574 818 634 censebat:
842 575 961 654 hilaris,
981 578 1146 659 humanus,

54 677 56 680 ·
149 653 300 732 affabilis,
323 666 360 717 ut
379 667 485 716 tamen
509 665 703 716 contemtum
725 655 926 718 excluderem
957 659 1031 720 vlno
1059 661 1148 722 dedi-

148 746 212 810 tus,
233 734 290 797 sed
311 735 393 796 citra
414 735 611 808 ebrietatem.
653 736 732 794 Nam
759 735 785 794 si
807 736 906 798 otium
928 753 1039 801 nactus
1059 753 1153 819 esset,
1197 756 1199 762 '

150 814 351 876 sermonibus
374 815 484 898 magis,
501 835 597 898 quam
618 815 877 896 compotatione,
898 827 1024 901 tempus
1046 834 1153 882 extra·

151 893 259 958 hebat.
302 895 492 977 Voluptates
524 891 553 974 7)
582 895 626 954 ita
655 895 839 970 contemsit,
866 907 902 956 ut
928 901 1021 960 matri
1042 921 1151 962 curam

149 973 306 1048 iniiceret,
326 996 367 1036 ne
387 975 481 1058 plane
505 975 545 1036 ad
566 973 781 1056 generandum
801 975 945 1038 inhabilis
974 993 1068 1043 esset.
1114 982 1153 1041 ll-

149 1053 268 1115 ludim
294 1055 381 1118 rimis
401 1055 554 1136 religiose
575 1055 687 1129 tenuit,
709 1076 753 1115 ne
779 1056 868 1116 cuius
897 1058 1026 1120 thorum
1058 1062 1154 1124 viola-

153 1147 215 1200 ret.
290 1135 383 1198 uibus
410 1137 494 1196 vitae
526 1155 719 1218 morumque
748 1135 897 1197 institutis
926 1141 981 1200 diu
1009 1141 1150 1220 inhaesit,

151 1235 364 1299 magnumque
397 1227 431 1276 et
460 1215 702 1276 memorabilem
729 1237 841 1313 regem
865 1219 950 1300 egita
973 1220 1076 1282 donec
1097 1223 1153 1282 im-

152 1307 230 1376 petu
251 1296 390 1378 quodam
419 1308 451 1357 et
474 1296 565 1357 velut
593 1307 740 1357 torrente
760 1297 909 1358 {ortunae
932 1303 1102 1362 convulsus
1122 1315 1155 1362 et

152 1385 291 1436 mutatus
314 1375 478 1456 pristinam
493 1377 584 1434 animi
604 1375 855 1436 moderationem
876 1379 1038 1458 paullatim
1061 1401 1154 1442 exue-

156 1466 217 1516 ret.
239 1455 344 1516 Animi
364 1455 467 1514 robur
488 1475 560 1514 eum
581 1455 693 1537 insigni
708 1455 908 1532 dexteritate,
925 1481 1034 1540 magna
1056 1464 1153 1542 patris

151 1547 185 1595 et
209 1535 346 1595 aliorum
372 1533 607 1610 admiratione,
626 1535 766 1595 ostendit
786 1536 818 1596 in
845 1555 929 1620 equo
949 1541 1151 1620 Bucephala:

151 1637 223 1676 nam
244 1613 277 1673 id
298 1634 414 1676 nomen
435 1614 548 1674 bubuli
571 1615 681 1695 eapitis
705 1613 805 1696 figura
835 1617 893 1676 inei
916 1619 999 1680 nitus
1020 1641 1152 1702 accepe-

152 1707 213 1759 rat.
235 1693 413 1754 Plurimum
434 1690 465 1774 ὃ)
489 1707 556 1754 tum
578 1695 722 1777 equestri
743 1695 836 1756 laude
858 1639 1002 1777 pollebat
1022 1700 1154 1762 Thessa-

151 1773 205 1850 lia,
225 1773 447 1858 nobiliumque
476 1776 634 1858 equorum
663 1796 778 1858 greges
799 1778 905 1838 multis
928 1781 1007 1840 locis
1030 1781 1153 1842 aleban-

121 1895 125 1900 -
151 1867 213 1918 tur.
260 1854 432 1916 Eminebat
464 1848 493 1933 9)
523 1867 627 1915 tamen
650 1856 734 1916 inter
754 1877 863 1918 omnes
888 1858 1010 1920 viribus
1031 1873 1064 1921 et
1085 1882 1155 1954 spe·

151 1935 200 1996 cie
222 1933 436 2018 Bucephalas,
458 1956 552 2018 quem
578 1934 779 2010 Philemone,
809 1957 847 1996 ex
868 1937 1028 2000 Pharsalia
1050 1962 1155 2002 omun-

152 2016 222 2092 dus,
243 2019 378 2076 maximo
400 2016 432 2075 in
445 2015 507 2076 illis
529 2014 712 2096 regionibus
734 2017 878 2098 principe
901 2019 1029 2102 dignum
1051 2023 1154 2082 existi-

150 2117 248 2174 mans,
270 2097 310 2156 ad
329 2095 514 2178 Philippum
537 2096 730 2172 adduxerat,
754 2097 891 2158 sedecim
914 2101 1039 2162 talentis
1060 2123 1154 2164 vena-

150 2176 227 2243 lem.
273 2177 351 2237 Cum
388 2190 494 2238 autem
538 2177 741 2238 velocitatem
783 2180 856 2262 equi
899 2180 1154 2266 obsequiumque

153 2257 319 2338 experturi
348 2257 382 2317 iu
408 2276 556 2337 campum
583 2257 836 2334 descendissent,
866 2281 959 2321 nemo
982 2263 1155 2324 amicorum

152 2338 390 2420 satellitumque.
410 2337 495 2416 regis
517 2347 655 2396 tractare
679 2358 750 2398 eum
772 2341 897 2418 potuit:
920 2341 996 2422 quin
1013 2342 1155 2424 insurge·
1211 2338 1213 2344 ’

150 2415 205 2477 bat
228 2417 260 2476 in
285 2437 405 2491 omnes,
430 2427 465 2476 et
486 2416 702 2475 conscendere
719 2429 849 2477 conatos
870 2417 992 2480 ferocia
1013 2433 1155 2480 exterre-

151 2494 217 2560 bat.
239 2497 368 2578 lamque
383 2515 445 2575 pro
461 2492 616 2552 indomito
639 2505 673 2556 et.
692 2495 733 2552 ob
756 2495 918 2556 feritatem
938 2498 1039 2558 inutili
1061 2501 1154 2560 relin-

153 2573 328 2656 quebatur3
367 2593 441 2633 cum
484 2571 642 2652 suspirans
684 2574 886 2651 Alexander,
937 2577 1073 2666 Qualem
1104 2581 1155 2640 isti

154 2674 272 2734 equum
293 2651 453 2732 perdunt,
482 2670 544 2731 per
564 2649 730 2712 mollitiem
758 2653 849 2714 animi
871 2667 904 2716 et
924 2659 1079 2720 tractandi
1099 2662 1155 2721 im-

153 2731 328 2811 peritiam!v
351 2731 427 2823 Quo
457 2732 583 2812 saepius
614 2733 775 2813 repetito,
807 2757 823 2794 a
850 2748 941 2817 patre
969 2739 1154 2822 increpitus,

155 2811 242 2894 quod
264 2812 305 2872 ob
327 2813 503 2895 negotium,
525 2811 613 2895 quod
634 2813 804 2876 emendare
825 2837 888 2878 non
912 2833 1037 2898 posset,
1058 2823 1154 2882 maio-

153 2913 206 2952 res
227 2893 465 2978 peritioresque
490 2893 640 2952 conviciis
661 2891 855 2976 incesseret3
898 2901 968 2982 Ego
990 2921 1088 2976 vero,
1109 2901 1155 2960 in-

154 2973 234 3055 quit,
256 2973 444 3050 emendabo,
464 2983 568 3054 pater,
589 2973 615 3033 si
635 2974 828 3054 permiseris⁴
850 2979 958 3061 Atque
980 2980 1035 3039 illo
1058 2980 1155 3040 subii-

156 3054 280 3132 ciente,
299 3053 470 3116 frustratus
495 3063 600 3114 autem
623 3073 717 3137 quam
734 3075 870 3135 poenam
885 3059 1031 3140 pendes?
1058 3063 1154 3146 Equi,

221 3321 253 3387 7)
269 3319 397 3372 Athenae.
419 3327 459 3384 10,
481 3329 520 3370 to.
538 3314 672 3368 Plutarch.
695 3317 865 3388 Apophtheg.
884 3338 907 3371 c.
928 3323 969 3374 36.

216 3391 248 3457 8)
270 3389 360 3440 Schol.
380 3388 516 3454 Aristoph.
535 3389 561 3436 in
579 3386 679 3441 Nubes.
697 3387 766 3437 Plin.
786 3389 812 3453 8,
831 3388 873 3454 4²·
892 3390 984 3442 lustin.
1006 3409 1031 3460 7,
1050 3395 1076 3459 6,
1095 3394 1121 3446 8.

219 3463 247 3527 9)
266 3459 333 3506 Plin.
352 3463 379 3520 s,
398 3463 440 3515 lta.
459 3454 595 3508 Plutarch.
614 3471 639 3506 c.
657 3470 682 3520 9¹.
727 3466 736 3475 ·
897 3461 954 3589 ἐ*
1131 3467 1134 3470 “
