2660 3864
191 309 226 361 ω
559 301 587 357 1.'
601 306 818 360 ratmslltull

192 478 251 539 per
271 459 378 517 ae‘rem
399 465 555 516 nocturno
577 456 652 536 gelu
676 456 876 534 adstrictum,
897 457 1055 551 nullisque
1074 469 1184 520 vento·

190 559 262 600 rum
280 533 407 596 flatibus
427 535 603 610 disiectum,
625 537 698 598 solis
712 537 852 612 orientis,
872 539 975 600 adhue
996 537 1184 618 imperfecta

191 617 325 698 imagine
346 617 411 676 late
432 636 552 696 sparsa,
568 614 663 678 fallax
685 617 784 679 oculis
806 619 991 684 miraculum
1013 638 1184 700 apparerc;

192 698 293 758 donec
326 715 366 758 eo
399 696 561 776 paullatim
589 697 621 758 vi
649 698 762 760 caloris
790 699 934 760 absumta
968 699 1183 782 dissipatoque

190 777 273 838 liber
305 775 344 836 ad
371 776 474 859 ipsum
497 776 609 836 sideris
636 777 747 840 orbem
774 779 948 860 adspectus¹
970 779 1183 859 permittatur.

190 861 269 918 Nam
296 877 411 920 sereno
445 856 631 940 liquidoque
668 859 760 920 coelo
784 859 880 920 vradii
911 859 1183 924 transmittuntur:

190 937 246 999 uhi
272 949 397 998 coactus
425 941 481 998 adr
510 947 575 1013 est,
601 938 682 998 sistit
704 951 873 1021 exceptos,
911 952 943 1000 et
976 951 1125 1022 tanquam
1153 940 1185 1000 in

190 1018 355 1099 speculum
379 1017 553 1078 incidentes
585 1036 658 1077 cum
688 1019 884 1084 incremento
917 1017 1098 1100 splendoris
1126 1020 1185 1080 dif-

190 1097 303 1162 fundit.
325 1096 390 1156 Sub
411 1097 484 1158 ldae
504 1096 662 1163 radicibus
690 1095 734 1172 ¹⁷)
757 1099 930 1179 Cyzicenus
958 1120 1035 1182 ager
1058 1098 1090 1159 in
1107 1103 1187 1162 Pro·-

190 1177 353 1259 pontidem
374 1177 532 1240 excurrit:
557 1177 659 1257 ipsum
677 1179 835 1272 oppidum
856 1180 887 1240 in
912 1180 1067 1242 mediocri
1086 1180 1187 1242 insula

190 1259 284 1320 situm
305 1258 430 1341 gemino
445 1269 548 1338 ponte
568 1258 740 1320 continenti
761 1261 947 1322 annectitur„
979 1259 1043 1322 Sed
1057 1261 1090 1320 id
1104 1282 1185 1341 opus

189 1339 304 1420 paullo
321 1351 393 1419 post
413 1338 596 1398 Alexander
620 1339 748 1402 molitus
770 1352 835 1403 est:
857 1341 915 1403 suh
940 1340 1113 1402 Memnonis
1134 1362 1187 1400 ex»

188 1418 384 1513 peditionem
405 1417 536 1478 navibus
560 1420 811 1486 commeabatur.
833 1421 898 1502 Qui
921 1441 993 1482 cum
1014 1421 1185 1502 Cyzicenos

189 1499 361 1580 improviso
383 1500 505 1579 impetu
528 1519 567 1558 ne
592 1499 744 1583 uidquam
773 1502 956 1572 terruisset,
980 1523 1088 1564 muros
1113 1523 1185 1582 gna-

191 1581 274 1640 viter
302 1578 463 1648 tuentibus
493 1521 673 1661 oppidanis3
696 1601 807 1641 eorum
835 1582 1000 1663 regionem
1029 1580 1187 1644 hostiliter

189 1659 378 1798 populatus,
407 1681 551 1742 magnam
571 1659 644 1720 inde
669 1659 818 1744 praedam
840 1661 948 1744 coe'git
999 1664 1066 1724 Nee
1086 1682 1104 1721 a
1124 1662 1188 1720 Ma-

165 1741 346 1817 sce'onum
367 1739 501 1812 ducibus
515 1739 719 1804 cessabatur:
743 1741 911 1802 Parmenio
933 1740 1085 1820 Grynium
1105 1743 1189 1804 Aeo·

188 1819 260 1882 licis
282 1819 434 1902 oppidum
461 1833 629 1903 expugnat,
649 1821 768 1884 incolas
786 1821 932 1883 servituti
955 1821 1081 1883 addicit:
1103 1821 1189 1882 dein-

189 1900 229 1960 de
252 1901 379 1962 Caicum
400 1921 522 1962 amnem
542 1913 768 1982 transgressus,
788 1901 920 1960 Pitanen
941 1900 1105 1974 adoritur,
1134 1923 1189 1959 ur·

175 1979 261 2056 *bem
286 1982 485 2061 opulentam,
515 1991 548 2039 et
577 1980 696 2060 duplici
722 1990 818 2059 portu
845 1979 911 2038 acci
936 1978 1036 2038 iendis
1065 1977 1103 2040 ab
1124 1980 1189 2038 Eu-

176 2082 269 2142 ropa
290 2061 430 2142 copiiso
453 2069 633 2138 portunam3
655 2059 712 2118 sed
732 2077 879 2139 propero,
898 1999 1036 2118 adventu
1050 2059 1190 2118 Memno-

188 2141 235 2202 nis
260 2142 363 2201 statim
390 2081 494 2198 soiirta
515 2138 639 2218 obsidio
667 2149 723 2198 est.
766 2137 857 2196 Calas
878 2135 1010 2216 deinde,
1040 2139 1190 2223 quicum

187 2220 319 2286 modicis
349 2216 557 2278 Macedonum
594 2229 689 2301 atque
722 2218 993 2278 mercenariorum
1032 2220 1131 2302 copiis
1158 2221 1189 2280 iu

189 2301 315 2363 'Fronde
343 2319 396 2366 res
417 2297 565 2380 gerebat,
598 2318 670 2358 cum
691 2297 797 2358 Persis
826 2298 950 2378 proelio
973 2301 1124 2378 certarit:
1158 2312 1211 2360 et.

189 2383 290 2465 impar
313 2378 452 2440 hostium
470 2377 662 2450 multitudini
681 2379 713 2440 in
734 2377 916 2455 Rhoeteum
936 2399 971 2438 se
990 2401 1067 2442 rece
1090 2383 1124 2442 it.

268 2463 306 2527 lt
343 2461 467 2521 interea
498 2460 679 2522 Alexander
709 2461 756 2537 1),
789 2459 967 2520 constitutis
997 2461 1030 2520 in
1088 2461 1190 2522 raecia

188 2543 299 2620 rebus,
319 2543 351 2602 in
371 2540 588 2602 Macedoniam
608 2561 769 2616 reversus,
791 2559 872 2622 quae
894 2551 1008 2601 tantam
1027 2541 1105 2604 belli
1125 2561 1190 2602 mo-

189 2625 254 2686 lem
274 2641 465 2707 aggressum
487 2621 625 2684 cavenda
646 2621 698 2686 vel
719 2619 962 2680 administranda
983 2635 1097 2700 essent,
1119 2643 1191 2684 eum

190 2705 296 2766 amicis
325 2700 530 2765 deliberabat.
572 2701 740 2781 Antipater
767 2719 803 2760 ac
822 2701 999 2762 ,Parmenio
1028 2715 1129 2764 aetate
1159 2713 1193 2762 et
1265 2721 1271 2732 ·

191 2785 343 2867 dignitate
367 2781 532 2862 praecipui
554 2780 815 2854 obtestabantur,¹
847 2780 895 2838 Ne
917 2778 948 2838 in
967 2801 1031 2843 uno
1053 2803 1191 2864 corpore

190 2866 289 2927 totius
323 2860 453 2942 ‘imperii
488 2861 621 2920 salutem
653 2859 801 2920 fortunae
839 2857 957 2918 insidiis
996 2874 1191 2943 exponeret:

193 2945 269 3030 quin
290 2943 379 3026 prius
401 2961 533 3020 operam
548 2937 640 3000 daret
659 2938 786 3016 liberis3
808 2949 840 3000 et
860 2938 1076 3003 incolumitate
1097 2943 1192 3026 patri-

193 3046 230 3086 ae
253 3022 393 3096 firmata,
428 3019 471 3080 ita
499 3019 625 3080 demum
649 3020 689 3081 de
713 3019 909 3080 incremento
934 3017 1001 3080 eius
1024 3023 1190 3106 cogitaret.

194 3092 323 3192 Quippe
344 3112 474 3184 praeter
494 3100 709 3162 Alexandrum
729 3120 823 3161 nemo
846 3119 887 3160 ex
906 3097 1048 3184 Philippi
1069 3105 1190 3188 sangui-

206 3269 371 3286 *⁸*-

837 3428 840 3437 ι

266 3356 311 3496 app
328 3355 424 3406 Strabo
442 3357 491 3408 lib.
514 3369 554 3420 13.
572 3357 639 3408 Plin.
659 3356 684 3420 5,
704 3356 745 3421 32,
764 3371 788 3409 s.
806 3356 919 3408 Diodes.
943 3373 980 3423 ιγ,
1000 3372 1023 3423 7.

284 3445 295 3478 ι
895 3453 896 3456 ,

329 3423 441 3476 Diodes.
463 3427 554 3491 17,16.
