2660 3864
171 320 220 376 10⁶
559 308 581 360 1.
599 305 821 364 retensum

169 482 246 526 suos
267 459 420 544 periculis
443 459 574 522 territos
604 457 787 523 detrectare
803 471 945 540 pugnam
975 469 1009 522 et
1028 477 1105 524 rece
1129 455 1177 524 tui
1231 520 1237 528 ,

106 535 115 546 “
169 541 279 606 locum
315 539 565 621 circumspicere
592 537 825 620 intelligerent,
872 536 1004 602 Athana
1060 481 1178 604 nodam

168 622 251 684 duee
272 622 304 681 in
324 619 458 701 primam
478 619 577 680 aciem
599 617 787 702 provolant3
812 637 1011 703 accensoque
1034 563 1064 701 ll
1087 621 1175 706 quod

168 703 355 784 elanguerat
374 699 511 781 proelio,
532 699 672 762 iuniores
695 697 845 762 conviciis
865 708 898 760 et
918 699 1044 792 pudore
1065 699 1178 797 flagitii

168 782 208 843 ad
229 779 439 845 resumendos
461 777 578 840 animos
602 778 809 860 compellunt.
834 777 880 837 lta
901 779 997 840 simul
1017 801 1176 847 acerrimo

167 862 239 922 nisu
261 858 517 920 incumbentibus
537 857 701 936 omnibus,
729 877 804 918 cum
824 857 1067 922 aemulationem
1087 881 1177 922 suam

167 941 306 1002 hostiurn
322 938 441 1000 damnis
458 949 656 1015 exercerent,
678 949 840 1000 momento
855 940 1010 1020 temporis
1030 941 1176 1004 inclinata

167 1021 315 1098 fortuna,
354 1018 518 1099 Ephialtes
561 1017 606 1096 ¹⁰)
636 1024 716 1078 ‘cum
747 1017 893 1098 plurimis
927 1017 1177 1104 fortissimisque

167 1121 300 1162 suorum
322 1118 443 1172 caesus,
473 1096 590 1182 reliqui
610 1097 641 1158 in
663 1096 777 1159 urbem
797 1095 919 1178 repulsi
939 1112 1020 1164 sunt.
1062 1099 1176 1162 Introi-

168 1191 259 1240 erant
281 1179 375 1240 etiam
396 1177 608 1238 Macedonum
634 1177 741 1250 multi,
769 1188 802 1240 ct
832 1197 850 1237 o
876 1177 986 1258 pidum
1012 1180 1044 1242 vi
1070 1179 1176 1261 capie-

166 1257 271 1335 batur,
294 1279 367 1319 cum
390 1257 539 1340 receptui
560 1256 629 1318 cani
648 1277 705 1317 rex
727 1257 819 1320 iussit
865 1263 914 1338 ¹);
942 1257 1011 1321 sive
1038 1271 1075 1322 ut
1101 1257 1177 1320 urbi

166 1350 326 1422 parceret,
349 1338 427 1414 sive,
441 1336 609 1419 praecipiti
629 1337 690 1396 iam
711 1336 743 1396 in
764 1357 933 1418 vesperam
954 1339 1018 1410 die,
1046 1350 1176 1402 noctem

167 1427 202 1480 et
223 1419 365 1480 occultas
386 1417 502 1500 ignotis
523 1417 602 1480 locis
623 1415 749 1477 insidias
771 1417 942 1480 metuebat.
983 1421 1056 1481 Hoc
1102 1439 1176 1482 roe·

165 1499 245 1560 lium
276 1496 464 1580 praecipuas
495 1496 701 1559 obsessorum
730 1495 816 1558 vires
844 1499 1026 1560 consumsit.
1073 1440 1177 1580 pgim

165 1581 325 1654 Memnon,
346 1597 382 1637 re
407 1597 478 1637 cum
501 1575 720 1658 Qrontobate,
747 1577 802 1661 qui
821 1576 936 1639 urbem
956 1579 1102 1654 tenebat,
1124 1597 1176 1640 ce·

165 1657 311 1740 terisque
338 1657 472 1718 ducibus
495 1656 688 1733 deliberata,
722 1669 816 1720 noete
844 1657 1033 1740 intempesta
1060 1658 1176 1721 turrim
1234 1687 1244 1700 2

166 1738 304 1820 ligneam
326 1749 359 1798 et
378 1737 530 1818 porticus,
552 1735 606 1796 ubi
621 1737 685 1796 tela
698 1737 918 1813 servabantur,
932 1738 1103 1802 incendunt
1117 1737 1177 1817 ¹²),

166 1818 388 1902 aedificiisque
409 1837 503 1878 muro
525 1815 636 1878 vicinis
657 1814 762 1898 ignem
783 1828 981 1896 supponunt:
1003 1838 1066 1901 que
1091 1817 1176 1882 cele-

167 1897 249 1958 riter
270 1909 446 1978 concepto,
469 1916 541 1957 cum
563 1906 600 1958 et
617 1915 656 1958 ex
679 1895 855 1976 porticibus
876 1896 1025 1980 turrique
1050 1895 1176 1960 flamma

70 1990 75 1996 ’
167 1988 269 2038 vento
293 1977 406 2058 agitata
427 1975 607 2050 accederet,
628 1975 692 2036 late
714 1975 868 2036 sudarunt
887 1976 1078 2038 incendium.
1108 1975 1137 2038 Ο
1163 2009 1175 2022 ·

165 2056 355 2136 pidanorum
375 2056 575 2138 militumque
597 2053 787 2115 validissima
806 2076 880 2135 pars
903 2077 1010 2118 arcem
1025 1998 1174 2117 ininsula

164 2135 256 2195 sitam
278 2135 448 2215 occupavit
473 2134 537 2214 13);
565 2133 617 2196 alii
639 2133 671 2194 in
692 2132 902 2195 Salmacidem
922 2156 957 2196 se
986 2137 1173 2202 contulere:

168 2215 300 2276 alterius
322 2214 402 2275 arcis
423 2214 456 2274 id
476 2233 604 2288 nomen,
625 2213 757 2272 inditum
778 2235 795 2274 a
817 2213 924 2290 fonte,
955 2217 1017 2307 qui
1043 2217 1089 2279 ibi
1116 2228 1175 2294 est,

165 2293 402 2389 vulgatissimae
434 2294 547 2356 famae.
592 2292 763 2374 Reliquam
790 2295 1024 2356 multitudinem
1054 2317 1174 2434 resque

165 2390 326 2468 pretiosas
351 2374 450 2435 duces
472 2384 646 2435 avexerunt
665 2373 698 2432 in
720 2373 788 2434 Con
812 2373 954 2435 insulam.
983 2375 1103 2436 Alexan
1128 2395 1176 2450 er,

165 2455 282 2516 indicio
304 2454 549 2538 transfugarum,
574 2464 608 2513 et
629 2452 753 2514 obiecta
770 2454 872 2514 oculis
895 2455 1014 2536 specie,
1038 2455 1175 2538 quaein

165 2533 248 2596 urbe
270 2545 357 2616 gesta
380 2533 515 2596 luissent
542 2531 692 2614 cognitis,
722 2553 913 2616 quamquam
942 2535 1045 2596 media
1067 2545 1175 2610 noete,

165 2613 353 2681 Macedonas
374 2613 406 2674 in
427 2615 543 2676 urbem
566 2613 711 2687 irruere,
742 2623 774 2671 et
803 2633 883 2694 quos
914 2614 1093 2674 incendium
1121 2637 1174 2674 au·

167 2705 278 2776 gentes
308 2693 611 2774 deprehendissent,
640 2687 839 2770 interlicere;
870 2692 896 2752 si
930 2693 986 2788 qui
1017 2691 1104 2754 domi
1139 2715 1175 2755 se

166 2773 383 2850 continerent,
404 2775 444 2839 ab
467 2793 579 2833 eornm
603 2770 704 2831 caede
724 2782 919 2852 temperare,
940 2773 1040 2836 iubet.
1084 2775 1175 2834 Luce
1203 2780 1211 2792 ‘

108 2897 111 2904 ·
166 2852 280 2918 oborta
299 2872 390 2917 arces
417 2875 435 2914 a
458 2851 566 2914 Persis
587 2861 619 2910 et
645 2853 849 2913 mercenariis
877 2853 1012 2916 insessas
1033 2865 1176 2917 contem·

173 3018 344 3038 ..ιι-ιιι·-

251 3125 268 3176 9
300 3117 407 3168 Curtius
426 3116 452 3180 5,
471 3131 497 3179 a,
517 3117 541 3167 5.
560 3116 586 3180 8,
611 3116 694 3180 1,36.

235 3201 269 3242 ιο
300 3184 530 3250 Diodor.17,27.

236 3255 281 3390 ul
298 3254 403 3304 Arrian.
422 3260 446 3314 1,
467 3267 491 3318 7,
509 3266 552 3304 ao.

237 3337 269 3376 ια
301 3321 405 3372 Arriam
429 3335 469 3386 17,
488 3337 531 3372 ar.
693 3361 697 3366 .

236 3390 278 3458 13)
297 3389 431 3441 Vitruvius
453 3395 479 3455 2,
497 3389 522 3440 8.
540 3389 653 3442 Diodor.
676 3396 717 3456 17,
735 3397 777 3458 27.
794 3389 904 3462 Aprica.
922 3407 941 3456 t,
962 3379 1051 3456 n¹2³⁴
