2660 3864
183 370 233 424 uo
562 359 575 410 1
601 335 817 412 ruunsumui
907 337 909 341 ’

181 511 269 578 sidiis
291 509 459 571 evidenter
479 507 684 570 monuissent.
728 507 841 590 Nuper
869 509 967 588 enim,
998 508 1074 570 dum
1102 509 1190 571 Hali·

182 610 363 658 carnassum
393 587 560 664 obsidens,
599 599 674 670 post
699 587 813 668 longos
841 609 1038 673 magnosque
1064 588 1191 650 labores

182 671 403 736 meridiatione
427 665 596 738 refieitur,
633 667 791 744 hirundo,
826 681 900 730 nota
933 669 1079 750 auspiciis
1110 669 1190 744 evis,
1292 677 1294 680 ’

182 770 296 833 magno
326 769 398 810 oum
426 749 549 830 garritu
580 748 700 810 circum
729 759 824 828 caput
858 748 1050 832 quiescentis
1079 749 1194 811 volita-

187 841 278 892 rerat
300 826 342 908 7),
365 839 397 890 et
416 829 514 891 modo
537 828 569 888 in
597 829 663 890 hoe
686 827 784 889 modo
812 828 894 888 illud
915 829 1027 889 lectuli
1047 829 1128 889 latus
1154 849 1190 890 se

183 910 365 984 demiserat,
386 907 654 970 turbulentiorem
668 908 763 970 solito
786 921 911 968 cantum
933 928 1056 969 exorsa.
1078 909 1121 968 Et
1134 929 1192 969 rex

185 990 315 1076 quidem
334 987 510 1070 defatigato
539 1009 678 1070 corpore
706 1009 770 1050 non
802 988 929 1068 penitus
949 989 1088 1049 excussit
1109 1007 1193 1051 som·

184 1092 270 1147 num,
288 1067 350 1129 sed
374 1079 479 1129 tamon
501 1089 592 1130 avem
613 1068 762 1129 continuo
784 1067 921 1149 strepitu
940 1069 1107 1128 molestam
1121 1089 1193 1130 sen·

185 1151 267 1220 tiens
288 1169 384 1208 manu
403 1149 509 1210 obiter
529 1149 660 1230 repulit.
690 1148 747 1208 Illa
772 1149 852 1208 adeo
876 1167 940 1208 non
961 1149 1113 1208 exterrita
1133 1161 1194 1226 est,

184 1242 221 1298 ut
242 1229 335 1290 etiam
355 1228 386 1288 in
407 1228 504 1310 ipsius
525 1229 630 1310 capito
652 1227 850 1304 consederit,
870 1248 976 1311 neque
1000 1229 1089 1309 prius
1112 1240 1194 1288 stre·

210 1330 265 1371 ere
287 1307 434 1382 desierit,
462 1329 556 1392 quam
579 1308 617 1369 ab
641 1319 833 1390 experrecto
856 1307 983 1368 demum
1004 1307 1114 1369 abacta
1134 1319 1193 1388 est:

184 1332 286 1472 lilque
316 1387 362 1448 sic
386 1388 615 1469 interpretatus
640 1389 748 1448 l'ucrat
778 1387 983 1463 Aristander,
1012 1400 1049 1448 ut
1074 1389 1193 1448 instare

187 1467 368 1555 perieulum
390 1467 513 1528 diceret
535 1468 576 1528 ab
599 1469 699 1530 amico
723 1468 827 1550 regis3
856 1467 915 1528 scd
939 1466 1065 1528 insidias
1087 1468 1119 1527 in
1140 1487 1193 1528 oc-

185 1551 273 1612 culto
295 1568 358 1608 non
379 1568 551 1608 mansuras.
592 1551 665 1608 Hoc
691 1549 773 1608 enim
799 1567 930 1608 monere
952 1559 1096 1608 naturam
1117 1548 1194 1624 avis,

188 1648 271 1714 quae
292 1646 371 1710 prae
393 1628 508 1688 ceteris
529 1626 650 1690 homini
677 1626 857 1700 familiaris,
892 1628 1070 1710 eademque
1098 1649 1194 1709 supra

186 1707 318 1772 modum
340 1708 466 1800 garrula
489 1719 582 1768 esset.
622 1707 681 1768 His
706 1709 814 1791 itaque
838 1705 1008 1789 diligenter
1038 1707 1195 1789 expensis,

187 1809 261 1852 cum
292 1785 443 1848 indicium
464 1787 595 1849 Asisinis
624 1807 697 1848 cum
714 1788 804 1848 -vatis
833 1807 989 1866 responso
1021 1787 1194 1851 convenire

189 1877 350 1943 cerneret,
370 1868 639 1963 meminissetrpue,
667 1889 702 1929 se
723 1867 831 1928 matris
854 1867 953 1926 literis
984 1868 1075 1929 anxie
1096 1867 1195 1928 moni·

187 1961 274 2020 tum,
298 1957 336 2005 ut
357 1946 396 2006 ab
417 1946 480 2008 hoc
504 1948 631 2009 homme
655 1948 715 2008 sibi
735 1959 874 2020 careret,
899 1946 976 2006 nihil
997 1948 1082 2008 ultra
1103 1947 1195 2008 diffe-

187 2026 322 2096 rendum
342 2036 430 2084 ratus
456 2023 498 2105 8),
517 2027 599 2111 quid
622 2024 693 2087 fieri
714 2028 828 2103 vellet,
858 2027 1060 2086 Parmenioni
1080 2024 1196 2110 signiti-

188 2117 253 2167 cat:
281 2125 368 2180 nam,
395 2116 431 2164 ut
453 2106 606 2182 diximus,
639 2127 711 2166 cum
738 2107 809 2186 ipso
839 2106 871 2166 in
898 2105 1067 2189 Phrygiam
1094 2107 1197 2166 iverat

188 2187 362 2266 Lyncestes
383 2185 577 2250 Alexander.
600 2185 665 2246 Sed
685 2207 727 2247 ne
749 2206 812 2270 quo
833 2205 908 2246 casu
929 2187 1095 2246 consilium
1110 2187 1197 2268 regis

189 2286 304 2350 parum
324 2265 356 2324 in
378 2273 527 2347 tempore
548 2266 762 2347 proderetur,
788 2266 898 2326 literas
926 2267 1023 2326 scribi
1042 2286 1106 2327 non
1130 2268 1199 2348 pla·

191 2345 273 2423 euit3
304 2343 363 2405 sed
388 2364 450 2426 per
470 2345 631 2407 hominem
652 2344 751 2406 lidum
779 2359 874 2429 atque
900 2343 1093 2406 honoratum
1113 2369 1198 2428 ruan-

191 2427 268 2486 data.
284 2424 434 2506 perferri.
472 2427 603 2487 Electus
626 2438 676 2486 est
695 2425 911 2508 Amphoterus
933 2427 1058 2487 Crateri
1078 2425 1196 2486 frater:

192 2505 247 2588 qui
275 2525 348 2564 cum
375 2506 615 2567 Macedonicum
643 2505 787 2566 habitum
807 2505 946 2589 Phrygio
967 2517 1129 2582 mutasset,
1151 2527 1199 2567 as·

191 2585 301 2646 sumtis
322 2585 535 2667 Pergensibus
558 2587 680 2669 aliquot
710 2585 830 2646 itineris
854 2587 977 2668 gnaris,
1009 2587 1048 2646 ad
1069 2589 1199 2654 Parme·
1231 2584 1236 2589 ’

190 2665 319 2724 nionem
338 2666 484 2726 occultus
505 2677 664 2748 penetrat.
706 2666 749 2725 lta
778 2664 961 2726 Alexander
989 2665 1199 2748 comprehen-

191 2743 297 2805 ditur:
320 2754 353 2802 et
375 2763 447 2804 cum
469 2745 510 2805 oh
533 2757 675 2806 veterem
691 2765 778 2804 suam
793 2744 998 2829 familiaeque
1013 2745 1199 2826 dignitatem

180 2835 227 2900 ,ct
269 2821 382 2881 ratiam
402 2823 457 2884 diu
478 2825 592 2885 dilatus
614 2836 698 2884 esset
721 2819 772 2905 9);
795 2825 893 2886 tertio
914 2837 989 2908 post
1009 2844 1101 2902 annu,
1122 2825 1200 2884 dum

192 2925 211 2962 a
235 2904 261 2960 P
285 2902 382 2962 ilotac
405 2905 540 2964 consciis
562 2904 753 2985 supplicium
773 2905 924 2981 sumitur,
956 2905 1109 2966 societate
1139 2903 1200 2964 cri-

154 2982 285 3062 sminis
316 2993 349 3042 et
377 3001 483 3062 poena
508 2984 644 3044 sontium
681 2984 713 3043 in
739 2985 872 3045 exitium
908 2985 1061 3066 abreptus
1093 2983 1212 3066 periit..

131 3071 139 3092 t
194 3061 346 3146 Regi¹⁰),
367 3082 409 3122 ex
422 3063 592 3126 Phaselide
613 3064 766 3150 moventi,
788 3085 885 3148 supra
906 3064 1050 3126 detectas
1071 3063 1201 3126 insidias

196 3197 399 3212 ηυ--ὰ

263 3270 276 3322 7
310 3263 417 3316 helian.
434 3258 494 3310 hist·
517 3259 634 3310 animall.
655 3271 696 3326 ιο,
713 3256 756 3324 34.
775 3259 879 3310 Arrian.
901 3265 925 3316 1.
948 3258 974 3324 8,
992 3259 1017 3316 5.

183 3383 185 3388 ,
261 3335 278 3384 8
307 3333 421 3384 Diodor.
441 3342 482 3394 17,
501 3329 542 3380 32.

186 3427 190 3450 ·.
260 3417 278 3465 9
312 3393 618 3451 FreinsheminCurt.
639 3409 664 3460 7,
686 3407 710 3458 1,
729 3390 755 3444 8.

183 3525 187 3530 ,
247 3481 280 3523 10
310 3469 407 3520 Strabo
424 3465 472 3520 lib.
491 3463 530 3530 14.
550 3463 657 3514 Curtius
678 3465 704 3528 5,
724 3465 749 3526 3,
771 3475 812 3512 22.
830 3461 857 3526 6,
875 3462 900 3527 3,
920 3461 963 3516 ιδ.
