2660 3864
506 85 512 117 i

173 323 209 382 84
496 325 499 331 “
548 325 569 379 1.
586 317 806 378 eremeticam

174 491 227 534 aas
253 468 389 535 endisss.
422 469 459 529 id
480 489 520 531 co
541 469 687 548 fecerat,
714 467 1003 534 ut-ecmmunicata
1025 464 1180 532 victoriae

174 493 268 613 laude
298 550 428 610 Graecis
453 549 492 609 ad
516 561 639 612 ceteras
662 550 746 611 'belli
771 550 976 612 necessitates
1001 548 1180 631 obsequen·
1257 592 1259 595 -

95 667 100 677 ·
173 629 309 692 rioribus
336 641 500 690 uteretur:
531 631 625 690 simul
659 628 982 692 Lacedaemoniorum
1019 640 1182 690 contuma-

174 713 254 772 ciam
274 707 473 784 traducebat,
494 710 559 793 qui,
586 729 732 774 seorsum
753 709 835 770 initis
857 707 1006 786 consiliis,
1030 729 1048 768 a
1068 721 1179 768 cetero

174 788 328 850 Graeciae
358 808 497 869 corpore
527 789 653 870 abrupti
692 790 835 871 tantique
865 787 991 849 decoris
1030 799 1180 868 expertes

172 868 366 929 mansissent.
409 871 523 950 Neque
558 870 667 930 matris
697 865 767 945 ²3),
802 887 897 951 quam
925 866 1038 927 eximia
1059 867 1179 947 pietate

173 967 302 1028 semper
323 947 433 1017 coluit,
456 949 588 1024 oblitus,
609 949 743 1030 poeula,
767 966 959 1028 purpuram,
1002 946 1126 1028 aliaque
1146 945 1180 1006 id

173 1047 274 1110 genus
299 1027 443 1107 pretiosa
470 1027 589 1107 spolia,
617 1027 726 1108 paucis
751 1027 883 1104 demtis,
907 1026 953 1088 ‘ad
974 1025 1060 1086 illam
1080 1037 1179 1086 trans·

171 1107 265 1168 misit.

252 1185 307 1248 VI.
326 1184 406 1254 Post
425 1184 488 1246 hoe
508 1185 669 1266 proelium
696 1185 724 1265 1)
747 1175 851 1248 denuc
874 1183 914 1244 ad
938 1185 1029 1245 ilium
1050 1181 1180 1265 proiec-

168 1277 224 1326 tus
244 1263 426 1325 Alexander
447 1265 536 1325 Deae
556 1266 673 1347 gratias
695 1265 780 1346 egit,
823 1283 884 1340 uae
906 1264 1082 1344 gravissimi
1101 1263 1179 1324 belli
1217 1325 1219 1330 ,

166 1343 343 1404 discrimen
364 1344 524 1404 aditurum
545 1345 638 1404 armis
661 1356 694 1404 et
715 1288 871 1416 ominibus
887 1344 1028 1410 iuvisset.
1050 1343 1179 1426 Quippe

172 1423 333 1504 superiori
352 1434 500 1503 tempore
521 1445 592 1484 cum
607 1425 711 1484 statim
731 1437 807 1505 post
825 1423 1041 1485 transmissum
1054 1423 1179 1482 Helles·
1307 1483 1312 1490 ,

170 1515 306 1584 pontum
342 1522 382 1562 co
417 1503 651 1580 contendisset,
695 1507 743 1562 uti
773 1524 869 1585 supra
898 1503 1083 1578 retulimus,
1106 1513 1178 1561 ante
1279 1521 1284 1535 ·’

171 1583 281 1642 fanum
303 1581 466 1642 Minervae
494 1593 629 1642 statuam
663 1595 848 1664 equestrem
874 1582 963 1643 humi
988 1593 1180 1662 prostratam
1243 1581 1245 1586 '

171 1660 263 1738 vidit,
283 1659 509 1721 Ariobarzanis
528 1682 585 1722 ora
602 1660 812 1739 referentem,
835 1663 890 1746 qui
904 1661 1063 1742 Phrygiae
1079 1653 1194 1754 quon-⁹

172 1737 244 1803 dam
265 1752 390 1820 satrapa
411 1739 528 1804 fuerat.
541 1741 650 1823 idque
672 1762 767 1802 omen
787 1743 1016 1823 interpretatus
1037 1743 1180 1800 Aristan-

166 1817 232 1879 der.
253 1817 283 1896 2)
303 1819 461 1880 illustrem
482 1841 522 1880 ex
543 1822 686 1904 equestri
708 1842 815 1902 puffna
834 1821 1002 1885 victoriam
1023 1819 1178 1900 promise-

166 1909 221 1958 -rat
240 1897 434 1975 Alexandro,
455 1901 607 1976 maxime,
642 1901 669 1959 si
689 1867 775 1961 haud
794 1901 911 1994 procul
931 1899 1069 1982 Phrygia
1090 1898 1180 1958 dimi-

165 1988 315 2037 caretur:
346 1977 444 2056 ipsius
473 1981 568 2037 etiam
597 1979 709 2039 dextra
735 1981 875 2041 nobilem
904 1979 1043 2040 hostium
1063 1978 1180 2038 ducem

167 2075 327 2118 casurum.
371 2057 484 2138 Neque
514 2056 633 2117 fefellit
659 2079 750 2138 spem
782 2059 861 2121 vatis
892 2072 1024 2120 eventus
1053 2057 1180 2139 proelii,

170 2144 353 2216 stratusque
380 2135 466 2216 regis
496 2156 571 2196 cnse
592 2135 804 2217 Spithridates
836 2138 1058 2218 praedictionis
1081 2137 1180 2198 fidem

168 2213 324 2295 implevit.
364 2209 483 2296 Igitur'
499 2227 533 2276 et
554 2217 712 2297 templum
733 2217 870 2278 donariis
901 2217 1058 2300 exquisite
1080 2217 1180 2277 coluit

137 2296 139 2300 ’
172 2289 187 2334 ³
211 2337 220 2370 ,
242 2305 275 2354 et
295 2294 369 2371 llio,
392 2295 481 2377 quod
501 2307 570 2354 tum
590 2295 675 2356 haud
693 2297 828 2362 multum
850 2320 946 2379 supra
968 2297 1085 2358 modici
1106 2295 1180 2378 pagi

171 2394 186 2434 s
211 2375 313 2434 eciem
335 2373 503 2452 eminebat,
523 2395 640 2437 nomen
661 2375 912 2450 urbisaaddidits‘
928 2391 1029 2460 utque
1052 2377 1084 2437 id
1106 2396 1179 2436 eum

193 2454 325 2546 ignitate
347 2465 505 2532 tueretur,
526 2455 676 2539 reliquit,
728 2457 762 2523 ni
782 2457 1002 2518 instaurandae
1026 2457 1092 2516 eius
1114 2475 1178 2515 am·

170 2533 381 2627 plrandaeque
409 2554 518 2595 euram
539 2556 555 2594 a
580 2548 682 2612 erent,
706 2479 919 2620 iiberamqua
949 2549 981 2598 et
1007 2535 1178 2596 immunem

118 2631 150 2714 qr
172 2631 243 2672 esse
267 2613 367 2676 iussit,
395 2615 541 2698 Cumque
558 2557 732 2676 delubrum
752 2617 842 2676 Deae
859 2637 919 2696 pro
938 2616 1096 2697 religione
1114 2612 1178 2674 loci

139 2707 140 2714 ¹
171 2690 263 2750 nimis
291 2705 455 2774 angustum
491 2695 741 2777 neglectumque
773 2695 919 2772 videret,
957 2695 1106 2756 eximium
1132 2693 1179 2752 illi

173 2769 328 2850 tempium
352 2784 518 2833 exstruere
538 2785 653 2854 postea
673 2774 782 2834 statuit
808 2774 850 2854 4).
878 2774 943 2836 Sed
963 2775 1026 2837 hoc
1052 2773 1177 2854 aliaque

171 2848 335 2932 magnifica
354 2849 560 2913 meditantem
589 2851 691 2914 fatum
712 2855 898 2938 occupavit3
925 2874 1032 2939 neque
1052 2873 1179 2916 sucees-

226 3129 258 3181 23
291 3126 398 3180 Curtius
418 3131 459 3189 10,
476 3131 500 3183 5.
520 3126 657 3184 Plutarch.
675 3147 700 3186 e.
720 3137 761 3191 26·

243 3215 252 3250 ι
287 3195 384 3246 Strabo
406 3193 518 3252 lib-13.
653 3217 655 3220 ’

242 3280 257 3314 2
289 3261 627 3334 Diodor.Sieal.17,17.

240 3337 257 3388 3
288 3330 386 3380 Strabo
403 3332 450 3382 lib.
472 3340 511 3396 13.

241 3397 258 3462 4
288 3397 399 3454 Diodor,
422 3401 462 3464 18,
480 3399 505 3466 4.
