2660 3864
199 352 233 418 43
565 352 592 430 Ὶι,
613 349 832 434 rnsrnsqsnn

200 511 435 585 praeruptaque
462 498 534 581 ripe
558 497 695 562 difficilis
720 501 881 564 exscensiu
907 501 946 564 ab
967 501 1060 566 hoste
1080 504 1210 568 intento·

199 582 369 664 validoque
399 579 483 640 lraud
512 597 609 662 aegre
635 579 879 661 impediebatur.
933 585 979 643 lta
1010 585 1201 648 Macedones

199 684 235 724 re
258 660 374 722 inlecta
395 659 619 737 discesserunt,
636 661 779 722 contenti
802 662 887 723 illata
907 662 1016 745 paucis
1038 677 1110 728 ante
1135 669 1200 728 die-

197 743 258 804 bus
271 741 370 805 clade.
391 743 470 802 Nam
490 741 673 824 prinsquam
689 761 727 803 eo
749 744 990 822 processissent,
1015 745 1105 806 aliam
1132 749 1201 808 'l'ri-

198 823 357 898 bellorum
383 821 560 882 exercitum
590 819 713 899 adorti,
742 822 793 884 vix
818 824 956 906 quinqua
983 823 989 837 '
1012 834 1044 886 ta
1070 845 1201 890 suorum

198 901 329 976 emissis,
348 901 410 962 tria
430 901 592 962 hominum
616 899 713 962 millia
734 901 917 966 occiderant
932 843 1012 983 ²²5&

276 984 345 1047 ΧΠ.
378 981 491 1062 Syrmo
518 1000 598 1062 rege
625 981 839 1066 nequidquam
865 993 1065 1066 oppugnato,
1086 986 1117 1047 in
1139 986 1200 1048 Ge·

197 1077 245 1126 tas
273 1063 431 1124 convertit
457 1060 626 1142 impetum,
658 1063 713 1144 qui
739 1062 771 1122 in
791 1063 947 1126 ulteriore
969 1065 1039 1146 ripa
1064 1079 1201 1152 quatuor

198 1145 350 1228 equitum,
372 1141 484 1202 decem
498 1139 642 1222 peditum
661 1141 758 1202 millia
778 1142 991 1205 instruxerant
1009 1147 1048 1226 ¹).
1090 1147 1125 1207 Id
1146 1169 1201 1242 pe·

197 1224 334 1285 riculum
356 1240 420 1284 non
445 1225 513 1294 'tam
542 1241 581 1281 ex
608 1241 669 1282 usu
693 1221 770 1282 belli
790 1225 911 1299 sumsit,
936 1245 1032 1308 quam
1053 1228 1199 1309 cupidine

196 1307 311 1380 lamae,
331 1314 367 1363 ut
389 1301 419 1382 2)
441 1301 609 1361 maximum
633 1303 785 1384 Europae
805 1299 933 1383 flumen,
954 1305 1200 1370 defendentibus

196 1382 402 1446 l'erocissimis
432 1381 598 1464 gentibus,
624 1383 807 1444 transivisse
836 1385 965 1466 gloriari
984 1398 1104 1468 posset.
1141 1389 1199 1470 lgi-

197 1479 250 1526 tnr
273 1462 449 1547 equitibus,
478 1473 639 1546 quotquot
667 1484 782 1544 capere
805 1466 878 1526 navi
899 1466 928 1526 ia
947 1479 1111 1548 poterant,
1145 1469 1198 1528 im-

195 1546 318 1640 positis,
338 1541 533 1626 pedestrium
555 1543 719 1624 copiarum
739 1557 865 1625 partem
879 1488 1042 1624 lintribus,
1084 1568 1197 1611 uorum

195 1627 239 1686 ihi
261 1643 309 1686 ma
332 1646 370 1684 na
391 1634 462 1683 erat
482 1623 584 1704 copia,
606 1622 684 1683 alios
704 1623 830 1685 utribus
851 1627 1037 1688 transduxit.
1063 1571 1198 1710 impro-

196 1709 264 1768 visa
324 1703 500 1765 acedonum
533 1704 742 1785 impressione
781 1705 917 1789 (quippe
950 1709 1196 1770 transmittentes

195 1801 268 1862 nox,
290 1797 323 1846 et
342 1785 373 1845 in
397 1785 482 1864 ripa,
509 1799 604 1867 quam
624 1784 795 1864 petebant,
815 1786 913 1866 densa
932 1786 1085 1850 frumenti
1106 1789 1198 1883 seges

196 1865 335 1944 texerat)
356 1864 462 1924 territi
482 1863 583 1924 Getae
603 1867 655 1924 vix
677 1865 814 1945 primum
835 1867 940 1928 emissi
961 1870 1120 1949 equitatus
1142 1890 1198 1926 rm-

195 1959 305 2028 petum
325 1945 439 2008 tulere.
464 1944 506 2004 Ut
521 1941 635 2003 deinde
656 1963 727 2003 cum
747 1944 902 2027 phalange
918 1946 1055 2005 Nicanor
1074 1965 1198 2006 succes-

197 2028 247 2102 sit,
268 2023 372 2085 effuso
394 2028 490 2083 cursu
518 2021 631 2082 urbem
654 2034 791 2104 quatuor
811 2023 915 2084 ferme
935 2043 1084 2104 passuum
1106 2024 1198 2084 milli·

196 2107 255 2165 hus
290 2100 464 2171 allumine
492 2101 659 2162 distantem
717 2102 893 2165 sciverunt:
936 2122 1027 2174 mox,
1053 2101 1194 2178 ,instante

195 2183 395 2263 Alexandro,
423 2182 542 2244 avectis
564 2123 750 2264 coniugidns
773 2181 965 2267 liberisque,
986 2194 1067 2266 quot
1087 2204 1196 2245 eorum

197 2265 287 2348 equis
309 2263 436 2344 eripere
449 2271 631 2343 potuerant,
651 2273 778 2324 ceteros
798 2263 960 2347 reliquere
978 2264 1102 2328 victori.
1130 2266 1196 2326 Eos

195 2361 253 2408 rex
273 2344 436 2426 Meleagro
458 2355 491 2403 et
510 2339 658 2422 Philippo
678 2341 883 2405 abducendos
904 2343 992 2404 dedit
1002 2343 1050 2424 ³):
1077 2345 1194 2405 excisa-

196 2441 260 2510 que
283 2424 384 2499 urbe,
420 2423 503 2485 etin
530 2423 598 2514 ripa
619 2419 756 2483 lluminis
776 2424 844 2484 Iovi
864 2424 1064 2509 Herculique
1085 2436 1118 2486 et
1137 2426 1197 2506 ipsi

196 2511 290 2584 lstro,
311 2505 366 2590 qui
386 2514 563 2565 transeunti
582 2502 740 2584 propitius
760 2501 885 2581 fuisset,
906 2503 968 2564 aris
980 2529 983 2540 ·
995 2507 1196 2582 consecratis,

196 2588 311 2648 eodem
339 2585 391 2645 die
416 2585 543 2648 reduxit
567 2583 742 2644 exereitum
769 2583 933 2645 incruenta
962 2585 1095 2646 victoria
1115 2587 1197 2670 poti-

195 2679 255 2728 tus.
296 2667 463 2730 Venerunt
491 2664 606 2725 deinde
633 2661 834 2724 finitimarum
863 2664 1004 2748 gentium
1030 2665 1196 2749 Syrmique

195 2767 232 2807 re
255 2746 280 2806 is
308 2755 455 2808 oratores
484 2765 556 2805 cum
576 2742 685 2817 donis,
711 2754 794 2825 'quae
823 2745 907 2827 apud
932 2745 1019 2828 ipsos
1039 2747 1071 2806 in
1091 2747 1195 2828 pretio

194 2768 359 2887 halentur.
401 2824 550 2884 Germani
569 2837 710 2916 quoque,
732 2825 787 2906 qui
807 2843 940 2909 usquea
960 2825 1100 2888 fontibus
1125 2827 1195 2886 lstri

194 2919 297 2968 terras
323 2906 363 2968 ad
383 2904 484 2966 sinum
505 2901 701 2965 Adriaticum
727 2915 906 2997 spectantes
926 2905 1083 2983 habitant,
1112 2907 1195 2988 lega-

195 2999 245 3048 tos
272 2987 434 3050 miserant.
472 2985 551 3046 Nam
571 2983 602 3063 l)
628 2983 768 3044 Ister·1n
790 2985 957 3048 Germania
977 2985 1100 3048 oritur:
1135 2986 1194 3068 ipsi

263 3185 307 3254 sn)
326 3186 423 3238 Strabo
441 3180 489 3237 lib.
506 3203 529 3252 7.
548 3189 652 3246 Arriam.
673 3204 692 3256 ι,
712 3207 731 3256 1,
749 3193 782 3246 25
802 3203 829 3246 et
846 3195 887 3246 28.
906 3186 1043 3246 Plutarch.
1061 3207 1085 3248 e.
1105 3209 1141 3260 ¹9·

261 3254 282 3323 r)
301 3255 341 3307 lo.
359 3258 471 3323 Magnus
486 3253 545 3308 hist.
562 3259 646 3312 Goth.
666 3263 691 3322 3,
709 3275 745 3312 rs.
983 3267 987 3276 “

261 3323 289 3459 23
309 3326 414 3379 Arriau.
437 3341 456 3389 ι,
473 3341 492 3390 t,
512 3339 553 3393 29.

260 3395 275 3444 3
307 3393 404 3445 Strabo
420 3394 467 3444 lib.
486 3410 510 3460 7.
528 3395 667 3462 Arriani,
686 3409 705 3462 t,
724 3397 766 3450 35.

257 3459 285 3528 4)
305 3463 391 3518 Tacit.
412 3463 502 3512 Germ.
522 3477 541 3526 t,
560 3462 584 3528 4,
