2636 3860
456 359 602 404 'uersuta
625 359 818 410 arruntius.
1037 347 1125 408 XXV

126 523 215 586 quae
241 498 309 562 tum
329 498 394 562 tuit
413 493 610 582 respublicae
640 503 801 582 gerendae
825 504 980 582 corditio,
1009 506 1128 566 exerui·

127 603 179 664 tui
197 619 365 685 praeesses
385 601 442 664 sed
462 601 523 662 alia
542 602 640 662 multa
660 614 732 664 sunt
751 605 783 666 in
798 627 835 668 ea
853 607 1003 688 opinione
1016 627 1129 688 parum

127 704 326 772 verisimilia.
369 708 473 768 Nemo
501 705 585 766 enim
616 705 744 766 videtur
769 707 800 767 in
821 727 950 770 censum
971 708 1130 770 clauorum
1201 712 1204 724 '

38 860 42 868 .
128 809 279 868 uirorum
300 807 484 890 rhetorum,¹
506 807 528 872 i.
545 829 573 874 e.
589 809 793 892 eloquentiae
813 813 1047 894 magistrorum,
1067 823 1131 872 tam

128 912 201 974 cito
218 909 391 991 pervenire
412 910 565 992 potuisse,
584 924 621 974 ut
638 911 763 994 integra
782 910 887 973 adhue
907 923 1021 992 aetate,
1046 929 1132 974 eom·

133 1192 200 1226 nem
218 1173 344 1224 floruisse
364 1174 427 1226 inde
456 1177 606 1241 elucescat,
636 1175 709 1246 quod
733 1171 779 1246 qui
806 1178 855 1228 hos
884 1180 957 1248 ipsos
985 1177 1133 1244 excipiunt,

133 1238 312 1308 ¹regnantibus
345 1239 460 1294 Claudio
489 1253 516 1295 et
537 1246 646 1295 Nerone
665 1251 722 1296 arte
739 1265 785 1298 sua
804 1247 918 1314 insignes
937 1255 1031 1299 essent.
1050 1245 1134 1310 igitur

133 1318 269 1372 autumat,
289 1310 324 1376 Q.
343 1311 418 1362 Cart.
437 1313 543 1376 linium,
568 1315 618 1363 arti
637 1313 789 1367 rhetoricae
808 1315 944 1379 deditum,
963 1322 1024 1366 ante
1041 1314 1134 1377 vigeat-

134 1397 214 1430 mum
231 1381 324 1428 aetatis
343 1395 439 1430 annum
459 1381 600 1445 Quaestori
616 1381 771 1431 comitatum
794 1399 850 1434 esse
869 1384 896 1430 in
915 1383 1041 1444 Africam,
1059 1379 1135 1431 inde·

136 1441 204 1516 ique,
224 1463 323 1497 annum
348 1448 504 1498 vicesimum
527 1463 588 1496 cum
613 1451 857 1510 ageret„liomam
878 1449 1008 1499 reducem
1033 1448 1137 1562 artique

136 1533 205 1577 suae
232 1523 388 1582 operantem
417 1531 449 1566 eo
473 1531 557 1580 usque
581 1509 743 1581 proiecisse,
768 1524 799 1566 ut
823 1515 960 1568 historiam
984 1515 1083 1564 Alexan
1104 1515 1137 1578 ri,

141 1600 223 1653 quam
248 1583 367 1646 Augusto
389 1581 465 1632 cordi
492 1583 571 1631 luisse
596 1581 740 1631 Suetonius
767 1591 861 1635 auctor
879 1592 918 1634 est
935 1600 957 1635 c.
986 1582 1034 1645 18,
1058 1580 1137 1647 digne

138 1650 318 1710 conscribere
337 1659 429 1718 posset
444 1665 513 1699 anno
534 1649 625 1699 aetatis
650 1650 797 1716 tricesimo,
821 1667 903 1719 caque
929 1649 1000 1702 edita
1019 1650 1137 1715 Augusto

138 1721 341 1782 innotesceret,
364 1719 444 1778 unde,
462 1718 617 1785 praesertim
637 1734 695 1768 cum
711 1719 872 1772 celebranda
894 1720 1006 1786 Augusti
1025 1719 1138 1786 posteri·

142 1795 199 1851 tate
218 1785 328 1834 Tiberio
348 1783 468 1836 adulatus
489 1795 566 1849 esset,
587 1800 641 1833 nou
659 1789 745 1837 solum
763 1771 798 1837 ib
816 1791 875 1856 ipso
897 1790 1061 1856 imperatore
1083 1785 1138 1834 Au·

141 1855 222 1903 ’πιιεῖο
242 1851 289 1902 sed
313 1869 502 1905 asuccessore
529 1855 583 1904 eius
607 1853 718 1906 Tiberio
745 1856 777 1905 ad
802 1873 920 1906 summos
942 1863 1085 1921 provectus
1106 1853 1139 1902 sit

141 1893 286 1983 honorem
304 1937 390 1987 neque
409 1930 497 1972 tamen
516 1939 623 1984 anuum,
642 1939 696 1987 quo
714 1927 854 1974 consulatu
873 1925 1044 1989 iungeretur.
1063 1928 1139 1972 certo

120 1993 227 2058 'posse
245 1987 369 2054 definiri;
396 1989 523 2056 triumphi
547 1999 634 2040 autem
654 1991 771 2043 honores
789 1993 816 2040 in
835 2009 896 2042 cum
918 2007 973 2040 non
996 1990 1033 2040 ita
1055 1989 1139 2038 multo

143 2064 208 2127 'post
225 2073 247 2106 a.
267 2057 301 2104 U.
321 2056 375 2106 800
389 2057 501 2109 collatos
521 2075 589 2110 esses
644 2085 646 2088 ·
686 2081 700 2090 ··

199 2125 301 2174 Contra
319 2122 385 2175 haee
408 2127 580 2175 Buttmannus
605 2142 666 2177 vere
692 2127 833 2191 observat,
855 2126 875 2175 si
900 2121 1011 2178 Curtius
1032 2123 1141 2188 Augusti

146 2191 318 2260 temporibus
331 2195 490 2260 scripsisset,
500 2195 692 2258 Quintilianum
705 2195 798 2244 saltem
813 2212 874 2245 eum
892 2209 945 2242 non
965 2195 1043 2243 luisse
1062 2192 1142 2240 omisi

145 2258 253 2324 iturum,
272 2259 294 2308 si
311 2268 379 2312 esset
396 2260 441 2312 ilie
461 2260 532 2327 apud
551 2264 673 2312 Tacitum
692 2262 725 2326 Q.
744 2261 852 2312 Curtius
871 2261 961 2325 liuisss,
980 2259 1077 2329 procul
1093 2257 1143 2305 dn·

146 2329 197 2392 bio
226 2327 296 2393 hunc
320 2326 446 2380 historiae
471 2330 605 2379 Romanae
633 2339 770 2380 auctorem
793 2331 849 2392 eius
873 2332 969 2390 merita
1000 2328 1033 2378 de
1057 2325 1142 2374 literis

142 2385 347 2448 ‘celebraturum
368 2396 455 2450 luisse.
484 2395 588 2462 Quibus
606 2395 806 2446 difficultatibus
824 2413 879 2446 non
899 2397 1081 2460 implicantur,
1100 2389 1143 2454 qui

149 2463 274 2514 Curtium
296 2464 452 2530 Vespasiani
476 2464 642 2528 temporibus
669 2464 805 2530 scripsisse
829 2461 964 2520 statuunt,=
993 2460 1042 2508 hac
1075 2457 1159 2506 enim·

148 2532 259 2582 ratione
278 2529 402 2595 efficitur,
423 2532 553 2580 Tacitum
565 2546 625 2578 eum
651 2530 715 2578 ideo
742 2545 797 2578 non
822 2542 1002 2587 memorasse,
1022 2523 1096 2590 quod
1115 2539 1145 2574 ca

151 2610 285 2662 tempora,
297 2615 411 2665 quorum
429 2597 566 2645 historiam
587 2594 709 2656 tradidit,
728 2610 781 2642 non
799 2595 953 2659 attingeret3
969 2592 1147 2658 Quintilianus

151 2673 242 2723 autem
261 2681 322 2716 eum
339 2668 410 2716 inter
429 2664 569 2714 historicos
589 2679 643 2712 non
664 2662 807 2724 recensuit,
826 2679 907 2728 quum
928 2669 1030 2712 constet
1048 2677 1080 2712 en
1098 2659 1145 2709 lib.

153 2736 187 2785 X.
207 2747 264 2798 cap.
293 2742 316 2796 1,
335 2734 405 2784 hunc
424 2732 565 2784 defunctos
590 2733 641 2780 vita
669 2729 817 2780 laudandos
841 2729 890 2779 sibi
910 2729 1093 2798 proposuisse,
1111 2729 1147 2775 vi·

151 2817 200 2850 nos
219 2799 358 2864 reliquisse
376 2802 536 2869 posteritati,
556 2815 624 2882 quqe
648 2815 779 2865 quemque
805 2814 856 2866 pro
876 2800 978 2848 meritis
1003 2793 1147 2863 aliquando

152 2869 295 2926 laudatura
316 2877 392 2932 esset,
412 2885 476 2920 vero
495 2877 584 2920 autem
601 2868 687 2917 simile
707 2883 774 2929 csse,
788 2867 910 2916 Curtium
922 2865 1076 2916 Domitiano
1089 2878 1148 2924 reg·

153 2945 235 2994 nante
255 2935 343 2986 adhuc
361 2939 413 2987 vita
432 2938 603 3004 superstitem
622 2937 712 2986 luisse.
730 2935 814 2999 igitur
832 2936 1006 2982 Ruttmannus
1025 2939 1052 2980 et
1064 2929 1149 2980 Taciti

152 3013 188 3063 ,et
206 3004 325 3055 Suetonii
345 3003 465 3054 Curtium
485 3004 675 3054 eundemessc
694 3003 856 3063 arbitratur,
880 2997 1012 3050 diversum
1029 3007 1118 3047 tamen
1136 3007 1151 3044 a

154 3073 208 3123 scri
230 3078 289 3122 tore
309 3080 410 3135 nostro,
430 3074 500 3122 illius
518 3071 574 3120 filio
596 3067 624 3136 (a
642 3085 696 3134 quo
715 3083 770 3118 nou
789 3068 917 3118 abhorret
942 3067 976 3116 G.
1004 3066 1023 3115 l.
1041 3063 1150 3116 Vossius

154 3139 193 3193 ¹‹lc
211 3089 278 3186 biota
300 3135 381 3206 batt.)
399 3149 462 3188 natu
482 3139 609 3200 maximo,
629 3135 740 3186 sortasse
762 3136 859 3198 arnico,
887 3134 977 3197 addit,
996 3147 1101 3198 gravem
1120 3130 1150 3178 il·

155 3207 213 3256 lum
235 3211 381 3268 auctorem,
401 3208 474 3257 cuius
493 3205 656 3254 mentionem
675 3204 783 3269 quidem
802 3200 897 3252 iecerit
913 3200 1091 3267 Quintilianus
1111 3201 1152 3258 lii,
1243 3236 1246 3245 s

155 3280 185 3335 ds
206 3269 255 3335 tau
272 3287 360 3338 neque
386 3288 447 3335 sero
468 3271 619 3339 prodiderit
637 3285 753 3332 nomen,
777 3271 864 3337 ipsum
888 3267 1030 3329 Curtium,
1062 3277 1151 3314 rerum

160 3339 307 3390 Alexandri
325 3341 412 3406 Magni
431 3347 584 3404 auctorem,
602 3354 676 3402 esse,
702 3339 787 3402 virum
810 3343 838 3388 et
855 3335 1108 3402 gratia-,principum
1127 3339 1153 3383 et

161 3409 233 3458 vitae
252 3409 378 3472 gravitate
396 3406 535 3481 insignem.
819 3437 820 3440 κ
