2660 3864
131 249 133 254 Α
168 285 201 351 ll
418 325 419 330 ,
536 281 557 337 l.
576 281 795 332 FREINSHEMH

167 437 235 495 tum
255 429 436 494 Alexander
459 423 506 509 ²¹)
527 429 656 492 inferias
679 429 782 508 dedit,
802 443 966 512 precatus,
994 443 1030 492 ut
1052 434 1160 496 melio-

167 515 255 575 ribus
277 509 423 591 auspiciis
447 509 564 574 hostile
587 511 660 577 litus
683 523 836 594 tangeret.
879 511 954 572 lude
977 533 1047 572 cum
1069 515 1159 597 quiu-

166 591 314 679 quaginta
335 589 435 672 lodgis
456 592 588 654 navibus
609 590 738 674 Sigeum
758 590 839 673 petit
859 604 1074 676 portumque,
1105 618 1162 658 no-

165 697 236 738 meu
257 673 295 732 ab
318 671 445 733 ‚achivis
461 683 597 746 nactum,
618 693 756 757 quorum
771 673 903 733 classem
917 673 1062 734 Troianis
1083 687 1162 737 tem-

166 753 299 836 poribus
331 765 516 833 exceperat.
567 753 648 812 Cum
674 753 735 813 iam
766 753 798 812 in
819 753 929 814 mediis
957 753 1161 836 Hellesponti

164 833 313 896 lluctihus
333 833 507 915 navigaret,
528 833 678 916 (namque
700 853 784 893 suae·
797 833 883 894 navis
911 833 981 914 ipse
1005 833 1162 916 guberna*

171 927 220 976 tor
239 913 321 992 erat)
343 923 469 973 taurum
490 915 639 993 Neptuno
669 933 705 974 ac
725 913 916 974 Nereidibus
937 913 1088 993 immolat,
1111 937 1164 982 au·

153 1014 317 1076 ¹reamque
368 991 489 1054 hialam
510 1013 549 1052 ex
571 1014 634 1076 qua
654 993 827 1066 libaverat,
855 987 924 1054 Diis
952 995 1078 1056 marinis
1107 997 1163 1057 do-

164 1097 239 1136 num
257 1077 288 1134 iu
308 1013 439 1166 peiagus
462 1073 576 1135 abiicit.
620 1074 682 1132 lam
704 1074 847 1154 inportu
868 1086 935 1134 erat
951 1077 1068 1148 classis,
1091 1097 1164 1139 cum

167 1153 213 1234 22)
234 1175 303 1230 rex,
324 1165 467 1214 comecta
487 1153 613 1214 inlitus
633 1153 736 1240 hasta,
766 1155 885 1236 primus
907 1175 925 1214 e
950 1157 1021 1216 navi
1043 1155 1162 1217 librato

165 1256 304 1330 corpore
324 1246 442 1294 terram
463 1233 706 1316 saltuncontigit,
729 1245 863 1294 testatus
891 1233 957 1314 2ἦ),
980 1257 1014 1296 se
1035 1257 1163 1316 posses·
1255 1301 1259 1314 ι

165 1336 284 1376 sionem
311 1314 403 1386 Asiae
424 1313 491 1373 Diis
511 1313 593 1375 bene
614 1315 790 1375 iuvantibus
818 1315 900 1382 iusto
929 1316 1049 1400 pioque
1075 1317 1161 1378 bello

168 1395 228 1456 sibi
249 1415 402 1457 asserere.
452 1395 535 1454 Arae
556 1393 671 1456 deinde
699 1395 998 1474 constitutae-suut,
1026 1395 1081 1456 ubi
1104 1419 1157 1458 ex·

165 1477 359 1537 scansionem
381 1474 521 1547 l'ecerat,
551 1475 618 1536 Iovi
645 1475 847 1552 descensori,
875 1476 1035 1538 Minervae
1061 1499 1100 1538 ue
1130 1490 1163 1538 et

165 1556 315 1618 Herculi:
343 1576 382 1614 eo
412 1574 542 1636 quoque
564 1557 656 1631 loeo,
683 1556 768 1616 uude
789 1577 828 1616 ex
849 1559 981 1638 Europa
1003 1499 1163 1635 solverat,

167 1657 234 1700 aras
258 1635 377 1696 exstrui
399 1635 499 1694 iussit.

245 1717 298 1781 lv,
327 1716 402 1775 lude
426 1716 455 1794 1)
477 1716 636 1796 processit
655 1717 685 1776 in
717 1721 864 1798 campos,
893 1717 948 1777 ubi
975 1719 1091 1782 veteris
1116 1719 1164 1778 Ilii

164 1797 256 1858 sedes
291 1797 534 1858 monstrabatur.
590 1797 636 1856 lbi
672 1797 748 1858 dum
781 1796 986 1860 heroicorum
1026 1819 1162 1878 operum

117 1895 151 1958 s
164 1889 364 1938 monumenta
385 1877 476 1938 avide
499 1877 682 1957 perlustrat,
704 1877 832 1963 quidam
859 1878 887 1956 ²)
911 1899 950 1938 ex
970 1879 1081 1940 incolis
1103 1880 1165 1938 Pa-

165 1959 241 2018 ridis
267 1959 295 2016 ei
333 1958 431 2034 lyram
459 1952 619 2038 pollicitus
652 1969 711 2018 est.
754 1959 796 2018 At
816 1959 887 2028 illc,
917 1957 1011 2032 nihil,
1040 1958 1163 2040 inquit,

164 2058 275 2098 moror
307 2036 481 2097 imbellium
518 2036 701 2098 deliciarum
734 2037 799 2102 vile
828 2039 1088 2098 instrumentum:
1131 2048 1163 2096 at

165 2116 297 2178 achillis
325 2117 424 2194 lyram
451 2115 550 2192 cedo,
586 2115 719 2179 fortium
748 2117 888 2180 virorum
917 2117 1026 2177 laudes
1049 2117 1164 2177 eadem

164 2197 361 2339 personantis
392 2218 500 2272 manu,
533 2218 595 2279 qua
622 2199 706 2258 facta
730 2196 917 2292 superabat,
954 2199 1033 2257 Nam
1057 2197 1183 2274 Achil--

178 2300 237 2354 em,
258 2277 346 2338 cuius
368 2277 490 2358 origine
512 2277 726 2359 gloriabatur,
755 2276 896 2360 suprimis
919 2277 1028 2338 mirari
1053 2279 1164 2339 solitus

127 2343 197 2430 Α)
225 2359 319 2419 etiam
339 2357 458 2418 circum
480 2357 608 2439 cippum
628 2359 695 2420 eius
718 2380 790 2420 cum
811 2356 917 2418 amicis
937 2357 1040 2418 nudus
1063 2359 1162 2420 decu-

165 2439 282 2515 currit,
312 2450 473 2576 unctospuc
495 2457 645 2500 eoronam
665 2439 824 2522 imposuit.
865 2437 1084 2519 Hephaestion
1103 2440 1165 2498 Pa·

164 2521 260 2579 trocli
284 2519 310 2594 ⁴)
333 2530 423 2578 tumu
436 2539 489 2578 um
510 2520 694 2595 coronavit,
723 2519 860 2582 eundem
880 2519 1033 2580 amicitiae
1054 2520 1162 2580 locum

166 2599 250 2680 apud
269 2597 483 2670 Alexandrum
509 2598 568 2659 sibi
595 2620 666 2662 esse
687 2597 880 2684 significans,
910 2619 1007 2681 quem
1027 2599 1054 2660 is
1076 2597 1161 2681 apud

723 2711 735 2731 Ι

229 2809 274 2879 at)
291 2811 395 2860 Arrian.
422 2823 446 2876 1,
463 2814 489 2877 4,
507 2816 524 2864 6
542 2819 570 2862 et
587 2826 611 2877 7.
638 2809 751 2862 Diodor.
776 2827 816 2878 sp,
838 2827 878 2878 ¹7·
908 2809 1010 2862 Plinius
1028 2815 1054 2875 5,
1071 2804 1118 2872 30,
1138 2822 1162 2872 7.

165 2879 261 2946 Pomp.
280 2879 350 2929 Mela
371 2895 394 2944 s,
415 2885 455 2937 18·

235 2962 265 2999 aa
297 2948 395 2998 Herod.
415 2963 440 3014 7,
459 2945 501 3012 54.

178 3067 180 3073 1
232 3032 247 3066 a
295 3015 405 3066 Diodor.
426 3032 466 3082 17,
488 3029 528 3080 17.
547 3012 652 3063 Arriau.
674 3027 697 3078 ι,
715 3008 741 3076 l,
760 3013 896 3064 8.1ustin.
915 3029 955 3080 ss,
976 3013 1001 3079 5,
1023 3025 1061 3064 ιο.

271 3084 280 3149 )
300 3085 395 3135 Strabo
414 3085 462 3134 lib.
482 3085 521 3134 13.

266 3153 427 3222 )Plutareh.
453 3169 477 3204 e.
498 3149 540 3216 24.
565 3148 643 3202 etde
667 3147 731 3199 sort.
750 3151 826 3200 Alex.
846 3165 872 3216 s,
896 3152 936 3206 14·
963 3150 1070 3203 Aeliau.
1097 3165 1165 3211 sarr.

168 3221 230 3275 laist.
309 3227 333 3278 8·
637 3222 639 3224 ¹

218 3297 223 3308 '
247 3238 278 3359 ζ’)
293 3236 432 3340 Plutarch.
451 3303 474 3340 c.
494 3287 537 3351 24.
558 3287 662 3337 Arriau.
683 3303 711 3351 1,
730 3283 762 3351 4,
782 3296 820 3335 ιο.
840 3283 942 3337 Cicero
956 3302 1007 3356 pro
1026 3283 1125 3336 Archia
1142 3301 1167 3336 c.

171 3372 210 3412 so.
228 3368 255 3411 ct
273 3359 347 3426 epist.
368 3355 401 3405 ad
419 3352 487 3404 diss.
506 3356 531 3406 5.
552 3371 591 3405 sa.
615 3356 746 3424 Vopiscus
764 3369 804 3422 pr.
822 3355 915 3404 Probi.

253 3425 282 3494 4)
300 3424 402 3476 Aelian.
421 3421 559 3473 varnbist.
582 3439 621 3488 ta,
639 3439 666 3491 ‚7-

1318 663 1323 730 l
