2636 3860
145 262 164 316 s
324 237 328 259 ’
510 253 533 310 1.
550 252 771 306 rnumsnnnn

151 400 342 484 Olympiade
365 412 454 464 sexta
474 399 573 484 supra
592 395 812 477 centesimam,
842 406 993 485 praetore
1014 399 1147 480 Athenis

145 483 279 566 Elpine,
308 485 348 546 A.
369 485 410 546 Ι).
433 485 502 546 XII.
535 481 665 546 llalend.
691 481 822 560 Sextii,
856 503 951 566 quem
972 493 1040 543 tum
1061 503 1147 543 men-

146 585 214 626 sem
243 563 434 626 Macedones
460 567 564 626 Loum
580 563 761 630 uocabant:
789 582 856 647 quo
876 576 1023 645 tempore
1045 583 1148 645 popu·

145 645 195 705 lus
222 645 383 706 Romanus
419 643 764 729 quadringentesimum
801 643 873 705 fere
905 663 1019 703 annum
1051 659 1149 726 agens

144 724 322 786 vicinorum
348 724 441 787 bellis
469 725 681 788 exercebatur
708 736 741 785 et
761 723 958 806 subiugando
988 729 1149 786 terrarum

147 803 233 868 orbi
265 801 431 866 uotidianis
451 805 655 868 incrementis
676 803 895 886 praeludebat,

154 908 155 912 ¹
227 825 264 950 1i
300 885 344 946 At
371 885 556 968 Philippus,
591 891 702 946 auctus
730 882 815 958 lilio,
850 885 890 946 de
917 905 983 968 quo
1012 895 1150 966 propter

148 965 257 1028 oblata
288 977 345 1028 -tot
370 967 474 1027 omina
512 987 601 1047 spem
631 965 853 1046 amplissimam
882 976 1091 1046 conceperat,
1117 963 1150 1024 in

147 1043 369 1107 educationem
398 1065 573 1130 eurumque
597 1046 665 1106 eius
698 1063 807 1105 omnes
836 1045 1047 1126 cogitationes
1076 1051 1150 1105 cons

147 1125 255 1188 vertit.
298 1125 428 1208 Quippe
459 1127 510 1188 vir
538 1127 681 1268 prudens
710 1136 744 1186 et
773 1145 877 1185 amans
907 1125 1048 1206 patriae,
1073 1122 1150 1183 nib-il

36 1233 44 1247 .
147 1205 365 1268 molitionibus
394 1207 458 1268 suis
478 1227 538 1288 pro
558 1219 663 1268 cetum
681 1205 775 1267 facile
796 1205 971 1282 sentiebat,
1006 1205 1032 1264 si
1052 1205 1151 1265 rebus

147 1285 291 1369 undique
311 1287 414 1362 motis,
437 1287 597 1349 hommem
617 1286 802 1368 imperitum
823 1297 877 1346 aut
899 1305 1030 1368 segnem
1048 1286 1151 1344 Mace·

149 1365 264 1428 deniae
278 1378 353 1449 post
365 1388 400 1428 se
420 1368 634 1450 relinqueret:
656 1387 744 1428 suam
765 1385 894 1450 quoque
911 1367 1045 1450 gloriam
1066 1362 1152 1424 baud

149 1445 327 1528 durabilem
347 1446 503 1522 futuram,
531 1449 557 1509 si
575 1447 781 1510 maximarum
803 1466 912 1508 rerum
933 1447 1153 1516 instrumenta,

150 1547 234 1612 quae
254 1539 340 1588 tants
359 1527 514 1589 industria
534 1527 675 1609 parabat,
713 1529 892 1589 uecessoris
908 1527 1021 1588 inertia
1043 1543 1153 1588 corru-

149 1608 258 1690 pisset.
298 1609 467 1689 Leguntur
492 1607 519 1688 ¹)
541 1609 625 1672 inter
648 1607 700 1690 epi
737 1607 782 1668 las
804 1608 888 1684 eius,
918 1607 1093 1670 venustatis
1121 1615 1155 1665 et

151 1685 340 1770 prudentiae
365 1690 492 1770 plenas,
513 1689 645 1764 literae,
672 1709 750 1773 quas
770 1699 839 1750 tum
866 1688 906 1750 ad
929 1687 1156 1762 Aristonicus

177 1766 210 1828 ui
235 1787 307 1830 cum
331 1769 465 1842 Platone
484 1768 710 1843 exercebatur,
734 1768 874 1830 Athenas
897 1768 996 1844 misit,
1019 1768 1051 1830 in
1071 1767 1156 1826 hune

150 1789 223 1910 lqere
250 1849 380 1911 modum
412 1849 561 1934 scriptae.
603 1849 791 1944 „Philippus
819 1849 986 1912 Aristoteli
1012 1847 1156 1923 ⁸salutem

152 1927 238 1988 dicit.
279 1929 458 1993 Certiorem
484 1929 641 2004 telaria,
676 1928 776 1991 lilium
801 1929 878 1991 mihi
905 1928 1047 2012 genitum
1074 1945 1156 1987 esse.

151 2010 219 2068 Nee
247 2009 380 2089 perinde
401 2010 470 2070 Diis
498 2011 629 2093 gratiam
649 2009 771 2088 habeo,
801 2010 888 2092 qnod
913 2009 1039 2068 omnino
1065 2017 1156 2072 uetus

154 2099 214 2163 est,
236 2109 332 2170 quam
352 2089 440 2172 quod
459 2101 492 2150 te
513 2089 650 2154 florente
671 2090 757 2151 nasci
777 2091 867 2150 illum
888 2089 1028 2170 contigit:
1051 2111 1068 2149 a
1091 2107 1156 2170 quo

153 2167 323 2232 educatum
349 2169 593 2254 institutumque
624 2191 730 2255 neque
758 2171 849 2233 nobis
870 2169 1033 2251 indignum
1060 2183 1157 2250 sporo

154 2267 337 2323 evasurum,
356 2269 461 2332 neque
478 2251 669 2315 successioni
687 2263 844 2314 tantarum
858 2271 967 2312 rerum
990 2249 1157 2330 imparem,

74 2370 76 2375 ι
155 2327 261 2389 Satius
290 2329 372 2390 enirn
404 2332 548 2395 existimo
571 2353 684 2396 carere
698 2331 830 2406 liberis,
860 2353 953 2415 quam
981 2327 1158 2414 opprobrio

155 2408 314 2482 maiorum
326 2429 457 2473 suorum
478 2413 657 2492 tollentem,
675 2413 708 2476 iu
729 2430 865 2495 poenam
878 2413 1056 2494 genuisso.“
1088 2413 1159 2482 *Ne

156 2511 221 2574 que
240 2489 360 2551 fefellit
383 2511 456 2554 curn
480 2493 606 2576 opinio:
631 2494 751 2579 quippo
771 2513 863 2572 puer,
886 2493 1060 2554 Aristotele
1082 2491 1159 2550 doc=

155 2580 228 2631 tore
257 2570 314 2637 ¹diu
334 2591 428 2644 usus,
457 2574 571 2638 adres
605 2575 637 2636 in
662 2594 700 2635 ea
729 2583 832 2636 aetate
854 2574 1009 2657 gerendas
1035 2573 1159 2652 insigne

77 2723 78 2727 Ἰ
156 2647 348 2732 praesidium
369 2652 428 2714 sibi
450 2657 655 2738 comparavit.
696 2653 761 2714 Sed
781 2651 860 2716 baec
885 2667 999 2740 postca
1019 2653 1161 2713 accider-

156 2742 223 2791 unt.
263 2733 405 2794 Interim
421 2736 581 2797 constituti
609 2748 682 2798 sunt
717 2731 828 2794 infanti
859 2735 1034 2796 nutritores
1063 2743 1095 2792 at
1120 2749 1160 2790 rie

156 2810 354 2894 paedagogi,
374 2815 548 2889 Leonidas,
577 2812 774 2898 Olympiadis
795 2814 1017 2898 propinquus,
1047 2823 1080 2872 et
1127 2829 1160 2888 y·

73 2960 78 2971 Ι
157 2891 315 2954 simachus
336 2895 489 2958 Acarnan.
537 2895 704 2977 Philippus
725 2891 755 2975 2)
787 2894 922 2958 nationis
943 2893 1086 2954 eiusdem
1107 2889 1161 2950 sd·

159 2972 278 3054 iectus,
311 2974 368 3060 qui
388 2975 601 3040 valetudinem
627 2974 722 3058 pueri
742 2986 892 3059 regeret:
921 2970 1105 3036 Hellanicae
1127 2967 1159 3048 3)

170 3129 355 3146 -Ι-ι--ι-

232 3241 257 3308 ι)
277 3241 380 3294 Gellius
399 3261 425 3310 9,
445 3247 469 3296 3,

147 3355 150 3370 ,
228 3311 255 3376 a)
274 3309 349 3362 Curi.
367 3318 393 3378 3,
411 3315 438 3377 6,
460 3322 482 3367 ι.
922 3374 926 3379 .

231 3380 258 3438 3l
278 3379 369 3430 lustin·
391 3392 430 3445 12,
448 3385 473 3442 6,
497 3401 535 3434 ro.
556 3381 659 3432 Arriae.
678 3383 702 3447 4,
723 3402 747 3438 a,
771 3393 810 3432 rs.
828 3378 902 3429 lirant.
922 3383 946 3430 8.
967 3390 991 3430 s.
1013 3379 1052 3425 s„
