2636 3860
1179 263 1186 303 'i

186 322 290 410 XXVl
515 339 556 378 nu
582 340 611 400 p.
634 301 754 381 course
776 339 861 380 suro
906 305 913 310 ’

185 487 305 542 mutato
327 477 454 556 studio,
480 478 520 540 ad
548 499 650 562 remp.
681 475 955 540 administrandam
980 489 1014 540 et
1040 478 1180 544 honores

184 581 340 664 petendos
381 579 517 642 animum
550 581 664 643 liceret
700 588 891 642 convertere
929 574 977 651 ²³)
986 600 997 658 3
1031 592 1120 642 eerte
1146 581 1181 642 id
1222 608 1233 629 s

133 745 136 756 .
184 695 248 746 tam
276 683 449 744 inauditum
477 694 552 762 est,
569 695 605 768 ut
631 703 694 746 nou
722 679 818 744 modo
840 680 929 757 alios,
951 680 1008 741 sed
1022 685 1181 762 Taciturn,

184 787 240 868 qui
260 786 359 849 multa
381 797 415 848 et
435 784 604 868 singularia
624 787 665 848 de
686 785 813 850 homine
833 781 942 860 tradit,
965 782 1056 844 etiam
1078 804 1116 844 ea
1137 784 1179 846 de

182 908 219 958 re
243 886 402 960 dicturum
422 886 522 950 l'uisse
544 899 634 948 certo
657 887 796 956 credam.
840 884 917 949 Mihi
937 905 1027 963 vero,
1049 885 1075 946 si
1094 885 1179 948 bari·

182 989 263 1050 olari
281 989 313 1048 in
333 1010 370 1050 re
390 989 513 1050 ineerta
532 989 624 1066 licet,
655 1010 752 1050 senex
776 988 957 1052 Consularis
985 986 1097 1048 ancilla
1125 988 1184 1066 vel.

180 1091 339 1173 impudica
360 1091 495 1152 muliere
515 1103 617 1170 natus,
639 1104 672 1152 et
693 1115 710 1154 a
730 1091 863 1154 rhetore
883 1093 949 1172 pro¹
965 1087 1030 1164 filio
1051 1088 1177 1162 habitus

118 1179 123 1184 ’
180 1205 234 1255 aut
255 1192 422 1276 adoptatus
445 1192 583 1258 videtur.
604 1194 774 1276 Flagitium
796 1203 885 1254 certe
902 1183 1031 1273 aliquod
1048 1191 1177 1258 latuisse

178 1295 351 1358 verisimile
372 1306 432 1373 est,
456 1297 603 1380 quoniam
623 1297 752 1358 Tacitus
767 1295 891 1377 pudere
909 1312 944 1355 se
958 1291 1078 1371 scribit,
1101 1313 1181 1356 vera.
1262 1352 1267 1360 ‚
1310 1297 1312 1318 ¹

179 1397 219 1460 de
241 1397 324 1478 illius
346 1401 469 1484 origiue
492 1401 634 1485 exsequi,
655 1412 688 1463 et
708 1398 857 1458 Tiberius
877 1399 993 1482 Caesar
1013 1407 1177 1480 tamquam

81 1545 83 1549 ,
130 1539 132 1543 -
177 1511 284 1561 terrae
305 1499 422 1579 filium,
441 1505 497 1588 qui
516 1505 616 1564 iustos
635 1511 785 1584 parentes
814 1498 901 1560 ciere
922 1497 1080 1580 nequiret,
1101 1517 1176 1560 eum

179 1598 282 1664 rideri
308 1605 370 1668 sibi
395 1626 435 1668 ex
467 1627 501 1668 se
528 1619 636 1668 natum
669 1623 738 1664 esse
765 1599 855 1665 dixit.
898 1601 1050 1662 Ceterum
1070 1599 1176 1681 ipsum

176 1701 339 1766 rhetorem
360 1706 422 1767 stili
443 1708 615 1770 exercendi
636 1727 730 1770 causa
749 1703 913 1766 historiam
931 1701 1102 1764 Alexandri
1114 1700 1176 1764 sibi

174 1807 441 1887 pertractandam
459 1810 626 1888 sumsisse,
655 1791 700 1870 ‘in
727 1829 832 1891 eoque
857 1818 1044 1892 argumento
1075 1803 1173 1867 Grae·

176 1925 246 1968 cum
269 1909 407 1991 aliquem
422 1911 613 1992 scriptorem
634 1912 775 1994 pressius
797 1921 942 1990 secutum
964 1927 1045 1984 esse,
1066 1917 1099 1966 et
1112 1916 1195 1986 pers

175 2027 210 2066 se
237 2009 408 2072 verisimile
438 2024 502 2092 est,
530 2027 564 2076 et
591 2035 631 2076 ex
663 2025 731 2077 tota
762 2013 885 2077 ratione
916 2011 1025 2093 operis
1057 2007 1172 2070 intelli-

170 2107 294 2192 ‘giturf‘

255 2211 403 2304 Quorum
425 2219 594 2279 sententias
617 2218 657 2280 de
686 2219 788 2282 Curtii
814 2231 917 2282 aetate
945 2235 1024 2299 prat
1051 2211 1172 2276 ceteris

174 2313 361 2396 conspicuas
385 2335 455 2378 esse
469 2337 564 2400 supra
585 2321 731 2402 diximus,
752 2343 865 2386 eorum
885 2319 982 2382 medii
1002 2317 1074 2382 fere
1089 2328 1173 2396 suut,

220 2521 308 2572 Taciti
327 2535 353 2575 ot
372 2525 491 2576 Suetonii
512 2523 634 2579 Curtium
653 2527 768 2580 eundem
787 2545 846 2580 esse
869 2545 929 2579 cum
945 2528 1041 2579 Curtio
1059 2519 1168 2576 bistorl·

171 2600 214 2647 eo,
235 2586 334 2640 babent
352 2594 441 2656 etiam,
464 2611 518 2660 quo
537 2603 662 2646 tueantur
680 2598 713 2660 ii,
743 2595 840 2664 quibus
859 2597 968 2646 illustris
986 2594 1073 2644 Curtii
1092 2594 1169 2661 prin·

171 2667 234 2718 ceps
252 2655 428 2724 Vespasianus
447 2670 496 2722 est,
514 2663 629 2726 longum
647 2676 743 2730 nempe
761 2676 903 2726 sericorum,
923 2663 1040 2731 quamsi
1059 2663 1170 2712 Tacitus

169 2728 231 2786 post
248 2733 402 2786 praeturam
419 2727 521 2777 tribuit.
559 2731 651 2779 Potest
675 2733 745 2779 enim
764 2731 900 2798 probabili
921 2733 1026 2781 ratione
1044 2729 1079 2778 ita
1099 2736 1168 2778 tem-

169 2802 267 2852 porum
284 2793 404 2841 calculus
422 2792 553 2855 subduci,
579 2804 608 2843 nt
630 2797 751 2846 Suetonii
781 2798 887 2847 Curtius
910 2798 1029 2849 videntur
1047 2795 1169 2845 floruisse

170 2857 293 2905 extremis
312 2859 414 2909 Tiberii
435 2861 604 2928 temporibus
622 2861 661 2929 (id
683 2864 757 2930 quod
776 2865 885 2914 Vossius
903 2864 1016 2932 censet),
1036 2879 1051 2913 a
1070 2862 1166 2929 quibua

168 2919 203 2998 ad
222 2923 376 2990 Vespasiani
397 2928 539 2992 imperium
558 2938 621 2978 anut
645 2939 705 2980 sunt
729 2931 852 2995 xxxii,
880 2931 953 2998 quod
984 2947 1039 2981 non
1061 2938 1166 2980 tautum

169 2993 341 3066 rutervallum
361 3001 409 3056 est,
427 3001 529 3044 utnon
548 2999 632 3062 possit
655 2997 728 3049 idem
750 2999 799 3048 sub
818 3000 984 3068 Vespasiano
1013 3001 1066 3050 iam
1083 2997 1165 3049 se'nex

167 3051 307 3106 historiam
325 3061 471 3128 scripsisse.
506 3062 579 3126 Quin
597 3065 683 3115 Taciti
701 3075 727 3116 et
746 3067 868 3118 Suetonii
887 3068 994 3118 Curtius
1013 3068 1086 3118 idem
1104 3079 1163 3116 cre·

168 3114 246 3200 datur
261 3141 322 3176 cum
340 3130 473 3196 scriptore
491 3139 584 3181 nostro
601 3133 687 3182 miuus
703 3135 783 3185 etiam
797 3133 930 3200 dubitant,
968 3136 1044 3185 uibus
1064 3147 1164 3182 novum

167 3188 248 3240 sidus
267 3191 367 3247 Caesar
384 3197 511 3248 Claudius
533 3206 580 3248 est.
615 3201 748 3253 Tellierus
776 3202 887 3267 Curtio,
910 3205 1017 3254 Africae
1038 3201 1162 3252 Procon-

166 3259 226 3318 suli,
244 3260 383 3313 historiam
401 3264 544 3316 Alexandri
561 3265 710 3319 adiudicari
728 3285 808 3338 posse
827 3271 971 3336 concediu
996 3271 1033 3321 ita
1058 3275 1113 3318 tam
1132 3272 1163 3315 itt

168 3339 182 3372 a
201 3325 317 3384 Rhetore
335 3331 457 3393 Suetonii
475 3333 650 3398 disiungatur.

214 3393 257 3463 Ι33.)
275 3397 362 3456 Etiam
380 3400 409 3450 in
427 3400 477 3453 bac
494 3415 524 3455 re
543 3403 678 3454 consentit
694 3402 845 3454 liuttmaun.
