2660 3864
387 357 504 410 surra.
522 357 612 426 noo.
634 357 791 412 cunriuu
808 361 837 412 n.
855 359 889 410 u.
1072 360 1076 368 ·
1112 365 1145 418 m

136 507 287 572 habitant:
310 527 371 589 qua
394 505 645 588 angustissimum
669 517 718 567 est
742 509 860 580 solum,
882 508 982 589 quod,
1008 526 1144 588 procur·

137 599 245 649 rentes
274 587 307 647 in
328 607 416 646 mare
436 597 539 645 terras
562 607 622 667 per
643 589 804 672 sexaginta
823 586 928 648 ferme
950 589 1049 648 stadia
1071 607 1147 648 eon·

137 667 256 728 tinenti·
275 667 456 742 adnectens,
478 666 661 746 peninsulae
682 669 822 748 speciem
843 665 954 730 eflicit.
1000 669 1146 730 Alterum

138 745 169 819 l)
191 746 299 806 isthmi
326 747 409 806 latus
440 765 479 805 ex
496 745 644 808 ‘adverso
672 747 950 810 Clazomeniorum
980 751 1064 809 Teos
1095 767 1149 808 oc·

138 837 245 908 stipat.
288 828 324 884 In
357 837 502 886 extremo
530 825 716 906 peninsulae
745 847 851 890 cornu
868 827 1027 906 Erythrae
1061 839 1150 904 sunt,

137 919 206 966 tum
236 927 300 988 quo
325 925 365 966 uc
394 904 533 965 fatidicis
561 905 749 968 mulieribus
779 907 931 986 inclytae:
960 909 1047 971 iuxta
1072 927 1149 990 quas

109 1031 114 1042 .
140 992 170 1061 5)
191 1005 281 1048 mons
306 985 474 1046 attissimus
495 983 622 1060 Mimas,
649 985 770 1048 insulae
794 985 950 1063 Chiorum
970 989 1149 1070 oppositus,

139 1087 227 1128 mare
253 1077 458 1147 prospectat3
491 1066 606 1126 deinde
638 1068 802 1147 paullatim
832 1066 1035 1148 depressior,
1065 1067 1150 1134 haud
1184 1119 1186 1122 ,

162 1147 253 1208 roeul
278 1147 428 1226 angustiis
457 1146 735 1209 Clazomeniorum
769 1148 801 1208 in
835 1147 986 1230 aequales
1022 1167 1150 1228 campos

138 1169 264 1292 desinit.
311 1227 391 1286 Eam
419 1227 485 1287 loci
510 1237 653 1286 naturam
678 1227 922 1306 *contemplatus
949 1227 1149 1304 Alexander,

140 1305 285 1367 faucibus
313 1307 471 1366 intercisis
503 1305 633 1365 auferre
666 1307 841 1367 continenti
863 1306 1025 1384 decrerit3
1056 1320 1094 1384 ut
1116 1304 1148 1376 ⁶)

140 1385 286 1465 Erythris
308 1399 341 1446 et
362 1385 504 1446 Mimanti
528 1403 616 1444 mare
641 1385 932 1462 circumfunderet,
962 1405 998 1446 ac
1024 1385 1148 1468 superi-

140 1485 230 1525 orem
251 1465 508 1548 inferioremque
539 1465 642 1525 sinum
669 1465 895 1548 coniungeret·
936 1464 972 1526 ld
998 1463 1029 1539 ⁷]
1051 1472 1151 1528 ἰυἰιιπι

140 1545 214 1627 regi
235 1565 275 1614 ex
296 1545 452 1606 sententia
472 1543 663 1606 successisse
683 1556 814 1628 negant,
836 1566 912 1619 cum
934 1555 1061 1607 ceteros
1084 1546 1151 1606 eius

140 1644 270 1692 conatus
294 1625 424 1688 fortuna
445 1627 537 1688 enixe
557 1627 702 1689 iuvaret:
727 1624 868 1708 abiitque
889 1647 944 1687 res
965 1629 997 1690 in
1021 1625 1152 1708 religio·

138 1732 223 1788 nem,
245 1727 305 1770 nec
325 1707 373 1768 fas
395 1727 466 1769 esse
487 1703 674 1770 mortalibus
700 1705 910 1766 existimatum
932 1719 996 1781 est,
1024 1717 1149 1768 mutare

133 1791 267 1864 faciem,
293 1809 387 1870 quam
408 1799 520 1848 natura
541 1783 621 1849 locis
642 1783 808 1844 indiderit:
842 1787 955 1870 utique
980 1797 1152 1869 postquam

140 1871 219 1932 alios
241 1868 353 1932 similia
372 1867 500 1932 molitos
520 1867 577 1926 ubi
602 1882 642 1922 ue
664 1882 830 1926 successus
851 1865 994 1928 destituit
1015 1861 1057 1944 8).
1081 1865 1152 1926 Cla·
1190 1915 1193 1919 .

141 1945 290 2017 zcmcnas
317 1963 423 2011 tamen
454 1943 503 2028 9),
535 1885 621 2009 mole
648 1941 787 2004 duorum
809 1945 985 2010 stadiorum
1012 1956 1152 2030 aggesta,

141 2032 314 2096 continenti
336 2031 446 2103 iunxit,
468 2047 547 2111 quas
568 2023 645 2088 olim
666 2034 754 2085 metu
771 2025 945 2089 Persarum
957 2024 1154 2090 Clazomenii

141 2116 170 2174 in
192 2115 326 2176 insulam
347 2112 586 2173 transtulerant.
632 2103 697 2168 Sed
718 2105 798 2167 haec
827 2108 959 2190 quidem
981 2127 1080 2188 opera
1101 2125 1153 2164 rc·

143 2194 201 2271 giis
237 2192 411 2276 praefectis
448 2187 615 2252 commissa
653 2197 736 2270 sunt.
790 2187 864 2267 lpse
905 2189 950 2270 ¹⁰)
985 2184 1152 2248 sacrificiis
1212 2239 1220 2252 Ν

142 2275 265 2354 Ephesi
301 2270 469 2354 magnifice
501 2269 670 2331 celebratis
697 2266 729 2326 in
760 2267 917 2328 honorem
951 2271 1042 2328 Deae
1080 2283 1152 2323 cum

141 2355 292 2416 universo
318 2351 472 2424 exercitu,
495 2351 549 2434 qui
565 2350 685 2420 aderat,
708 2347 740 2404 in
756 2349 850 2408 armis
866 2344 1069 2408 decucurrit:
1094 2363 1153 2422 po-

143 2446 231 2494 stero
254 2433 370 2495 deinde
395 2430 447 2489 die
468 2449 541 2488 cum
559 2427 725 2520 peditatu,
757 2444 852 2506 quem
874 2445 983 2486 secum
1003 2422 1153 2498 habehat,

143 2515 287 2574 assumtis
310 2512 471 2571 Thracum
492 2503 661 2587 equitibus,
684 2516 716 2570 ct
737 2515 876 2586 quatuor
892 2504 1064 2566 amicorum
1086 2515 1153 2561 tur·

142 2593 212 2668 mis,
234 2593 318 2652 inter
339 2609 417 2672 quas
432 2599 466 2648 et
480 2586 569 2668 regia
590 2597 670 2660 erat,
691 2583 837 2650 Mlletum
858 2583 1028 2648 contendit.
1052 2580 1153 2681 Quip-

143 2693 185 2752 pa
214 2671 456 2752 Hegesistratus
485 2665 548 2747 11),
584 2663 735 2748 praesidii
763 2663 969 2744 praefectus,
990 2664 1091 2726 literis
1114 2663 1153 2723 ad

145 2771 220 2813 cum
248 2751 368 2829 missis,
398 2769 487 2830 spem
516 2745 687 2810 deditionis
716 2743 862 2808 fecerat:
899 2743 957 2812 sed
983 2757 1153 2831 postquam

144 2888 347 2904 ιι-Δ--ι-

261 2979 363 3029 Plinius
380 2982 405 3036 5,
425 2978 467 3034 29,
490 2979 530 3026 at.
550 2973 652 3023 Strabo
674 2973 721 3025 lib.
740 2969 781 3036 14.

264 3048 378 3098 Pausan.
395 3043 443 3094 lib.
466 3057 490 3112 7.
508 3043 611 3092 Aelian.
632 3058 685 3092 var.
707 3041 766 3090 hist.
784 3041 809 3104 5,
829 3047 871 3108 27.

258 3116 359 3164 Plinius
383 3113 408 3172 5,
425 3126 467 3176 29,
487 3115 529 3168 21.

258 3184 369 3232 Pausan.
388 3181 436 3230 lib.
455 3185 480 3233 2.
