2636 3860
206 367 308 434 xvm
530 383 574 426 ιιι
597 384 627 448 Q.
650 384 768 429 suario
790 385 874 428 auro

205 548 258 589 sar
277 525 506 610 praestitisset,
542 546 582 589 eo
612 523 720 586 occiso
742 524 939 607 reipublicae
963 527 1066 606 vires,
1096 529 1200 594 denuo
1299 609 1305 622 1

203 630 312 690 demto
338 629 458 710 capite,
500 648 673 692 concussae
706 639 787 693 sunt.
843 629 878 687 ln
914 649 1033 690 summa
1063 634 1201 694 omnium

203 731 436 814 trepidatione,
463 752 544 814 quae
572 731 647 792 inde
675 743 785 792 secuta
804 744 864 810 est,
882 753 988 816 quum
1008 732 1083 794 solis
1108 735 1202 794 etiam

201 832 314 916 fulgor
339 844 496 914 perpetua
524 833 690 916 ferrugine
722 833 965 912 obfuscaretur,
994 835 1105 916 (quam
1132 855 1201 896 rem
1307 861 1308 874 ι

198 936 331 998 'curtius
362 933 536 996 imminenti
561 935 717 996 malorum
745 934 833 994 nocti
862 938 1052 1016 comparat,)
1084 945 1211 1000 novum·

200 1037 305 1117 sidus,
333 1037 355 1098 i.
384 1056 412 1098 e.
442 1035 585 1097 Caesaris
607 1025 698 1114 ‘inter
731 1039 867 1100 deorum
898 1038 1024 1100 numina
1050 1054 1200 1123 receptus

203 1141 335 1218 animus,
356 1137 527 1200 obvolutus
549 1140 640 1201 stella
661 1139 785 1220 crinita,
806 1139 964 1220 apparuit.
992 1140 1072 1202 Eius
1093 1162 1199 1204 acces·

201 1259 255 1302 sus
277 1239 424 1323 caliganti
443 1241 563 1304 mundo
585 1244 707 1320 lucem,
736 1239 980 1323 desperantibus
1005 1243 1046 1306 dc
1072 1245 1200 1326 publica

201 1341 304 1403 salute
336 1340 458 1404 civibus
494 1342 657 1422 fiduciam,
687 1347 814 1407 Caesari
840 1357 952 1424 autem
975 1345 1146 1429 Augusto,
1161 1349 1200 1410 ad

200 1461 311 1504 rerum
330 1441 539 1508 moderamen
560 1449 734 1529 accedenti,
755 1468 845 1532 spem
865 1467 979 1510 novam
1004 1457 1100 1532 atque
1120 1451 1200 1512 salu·

145 1600 148 1606 .
185 1555 307 1604 „tarem
326 1544 476 1612 reddidit
512 1549 569 1611 Ille
593 1571 672 1634 ergo
696 1571 794 1634 quum
815 1571 852 1613 ea
873 1562 1062 1633 tempestate
1082 1551 1200 1614 labanti

130 1643 133 1647 ’
200 1643 354 1724 imperio,
381 1651 540 1714 exstinctis
568 1652 646 1714 belli
661 1651 796 1713 facibus
817 1665 850 1715 et
870 1652 971 1714 turbis
991 1650 1105 1731 finitis,
1133 1658 1199 1718 rim

198 1744 409 1830 vigoremque
430 1771 503 1813 cum
526 1755 630 1816 subita
651 1755 822 1816 serenitate
843 1755 1052 1835 conciliasset,
1073 1777 1198 1820 omnem

183 1845 283 1910 ¹urbis
305 1847 441 1912 Romani
461 1856 675 1920 conditionem
702 1855 745 1916 ita
766 1856 936 1933 stabilivit,
964 1869 1000 1918 ut
1034 1861 1087 1921 vel
1116 1863 1198 1942 opti·

195 1947 337 2026 matium,
358 1951 413 2032 qui
433 1959 524 2018 noris
545 1958 643 2019 rebus
667 1957 851 2036 studerent,
878 1957 1048 2020 invidiosas
1074 1960 1198 2023 vocife-

195 2047 335 2110 rationes
369 2061 403 2111 et
433 2053 587 2121 factiones
622 2061 859 2143 comprimeret.
914 2061 1013 2123 Cuius
1048 2063 1197 2144 publicae

195 2148 360 2212 felicitatis
400 2157 551 2238 gaudium
586 2175 681 2248 atquc
715 2164 834 2224 laetitia
866 2177 1003 2246 propter
1030 2164 1198 2226 diuturnae

198 2255 408 2318 successionis
432 2277 540 2338 spem,
572 2283 654 2344 quae
684 2278 754 2326 crat
776 2266 807 2326 in
829 2268 979 2346 Tiberio,
1005 2267 1196 2332 Germanico

200 2355 332 2442 eiusque
353 2359 474 2440 liberis,
496 2384 653 2428 summum
671 2367 798 2428 tandem
815 2367 976 2452 fastigium
991 2371 1149 2454 attigerat.

277 2480 520 2552 Eodemmodo
544 2492 626 2554 alter
648 2491 749 2553 Curtii
772 2490 938 2570 locus'lV,
954 2501 984 2570 4,
998 2495 1071 2556 coll.
1087 2494 1197 2575 Strab,

195 2581 374 2668 xV1,pag.
404 2593 474 2670 757,
496 2593 535 2654 ad
562 2595 785 2680 designandam
811 2595 937 2678 imperii
962 2597 1119 2680 Augustei
1139 2619 1195 2681 pa·

196 2685 322 2746 cilicem
345 2693 561 2771 prosperitam
586 2698 771 2778 explicatur.
800 2696 850 2761 cf,
875 2719 909 2778 p.
935 2698 986 2760 32.
1028 2700 1128 2782 lgitur
1157 2712 1195 2762 ut

194 2787 347 2850 brevibus
369 2810 442 2851 rem·
460 2792 630 2876 capiamus,
651 2799 690 2862 A.
713 2797 836 2858 Hirtius
854 2799 957 2860 Curtii
969 2811 1106 2862 aetatem
1121 2822 1195 2864 cum

195 2884 394 2971 Imperatore
405 2893 552 2974 Augusto
574 2895 617 2958 ita
641 2900 813 2984 coniungit,
834 2913 871 2961 ut
884 2903 1055 2984 Principem
1076 2927 1097 2964 o
1117 2925 1194 2966 novo

128 2983 132 2987 ⁵
192 2993 289 3052 sidere
309 2989 392 3055 bene
424 2994 596 3079 distinguat
625 3007 739 3084 noctem
766 3013 872 3062 autem
901 3005 1002 3086 (quam
1027 3028 1121 3085 paene
1143 3029 1194 3066 su·

191 3117 325 3174 premam
344 3098 512 3170 habuimus]
535 3113 644 3160 veram
665 3101 925 3190 continuamque,
952 3107 1118 3191 ferrugine
1138 3107 1194 3170 illa

193 3195 333 3258 interdiu
355 3198 449 3260 etiam
470 3198 632 3262 hominum
656 3205 755 3265 oculis
778 3203 923 3285 offusam,
944 3207 1112 3293 intelligat,
1134 3228 1191 3272 ns

194 3317 258 3382 que
279 3300 544 3382 perallegoriam
565 3301 606 3363 dc
628 3302 725 3363 rebus
746 3304 887 3368 adversis
910 3319 943 3368 et
959 3309 1118 3374 discordia
1136 3327 1191 3374 οπ-

192 3396 242 3460 bis
263 3400 426 3462 Romani
416 3414 654 3486 interpretetur
720 3477 722 3486 Ι
