2660 3864
175 316 215 404 “52
536 339 575 392 -ι,
591 339 812 394 sarmatiam
887 389 889 394 ,
933 384 935 390 ,

116 543 123 561 ,
204 490 302 550 rimus
324 483 575 570 transgreditur3
604 500 730 550 etcum
751 505 825 564 eos,
849 487 906 571 qui
927 507 1040 570 agmen
1060 488 1187 550 claudo·

180 511 266 644 bant,
290 569 441 628 reversus
463 567 562 628 bostis
577 579 721 650 urgeret,
742 567 892 630 machinis
913 566 1085 650 dispositis,
1105 589 1187 652 quas

134 676 163 734 s
180 661 269 710 trans
291 668 413 708 amnem
434 645 562 706 missilia
577 659 777 729 spargerent,
798 668 872 708 eum
885 649 1064 710 summovit:
1084 650 1187 721 simul,

182 729 237 812 qui
256 730 318 788 iam
340 727 475 808 ingressi
496 725 615 786 {lumen
631 726 730 804 erant',
751 748 770 788 e
791 727 903 788 mediis
922 728 1012 821 aquis
1026 728 1090 789 tela
1111 749 1186 790 con-

179 809 298 868 iecere.
339 808 386 866 lta
413 806 539 866 nemine
567 807 749 868 desiderato
775 819 919 868 ceterum
947 819 1011 868 iter
1042 805 1187 890 quietum

118 959 126 966 ἱ
179 887 300 948 babuit.
348 885 504 946 Triduum
531 885 772 964 intercesserat,
794 907 866 946 cum
890 885 1018 962 hostes,
1040 899 1188 970 tanquam

180 966 293 1046 fugato
318 965 496 1026 Macedone
525 976 612 1024 metu
640 985 778 1036 vacuos,
813 967 929 1046 passim
958 967 1047 1027 nullo
1076 966 1189 1029 ordine

179 1046 324 1120 tendere,
344 1065 450 1127 neque
472 1063 565 1104 more
583 1045 710 1114 militari
732 1046 849 1107 vallum
870 1045 1030 1108 {basamve
1054 1067 1115 1126 pro
1139 1067 1188 1106 ca-

179 1125 252 1184 stris
276 1123 413 1201 habere,
434 1143 540 1206 neque
561 1123 684 1204 vigilias
706 1137 739 1184 et
758 1125 909 1185 stationes
931 1123 1040 1202 obire,
1067 1127 1189 1186 nuntia·

178 1215 241 1281 tur.
283 1205 384 1287 Igitur
407 1204 550 1264 assumtis
574 1202 741 1284 sagittariis
763 1205 984 1286 Agrianisque,
1009 1217 1042 1266 et
1066 1226 1103 1266 ea
1123 1207 1188 1265 Ma-

179 1285 338 1344 cedonum
365 1284 500 1344 militum
529 1303 640 1358 manu,
672 1305 765 1366 quam
795 1283 966 1347 Perdiccas
1001 1297 1035 1345 et
1063 1287 1188 1347 Coenos

179 1364 355 1440 ducebant,
395 1375 493 1423 noctu
520 1375 670 1444 superato
699 1361 846 1440 flumine,
882 1364 1033 1425 celeriter
1062 1365 1102 1425 ad
1133 1386 1187 1426 eos

181 1443 355 1520 contendit,
376 1444 502 1526 reliquo
525 1443 670 1504 exercitu
685 1445 777 1526 sequi
797 1445 894 1506 iusso.
936 1446 1003 1504 Nec
1025 1456 1187 1526 exspecta-

177 1535 212 1584 to
235 1545 284 1594 eo,
306 1543 346 1582 ne
372 1524 572 1585 occasionem
594 1545 683 1585 mora
705 1525 924 1598 consumeret,
951 1524 1031 1586 levis
1052 1536 1188 1584 armatu-

177 1624 233 1662 rae
255 1603 389 1662 militem
409 1602 598 1682 praemittit:
626 1622 701 1662 mox
730 1603 799 1682 ipse
832 1623 905 1664 cum
927 1604 1042 1662 ceteris
1066 1605 1188 1686 impetu

177 1681 263 1742 facto
295 1681 502 1742 semisomnos
527 1693 561 1742 et
583 1683 721 1743 inermes
752 1704 863 1764 magna
887 1693 994 1776 strage
1028 1681 1187 1757 afficiunt,

177 1762 294 1823 multos
322 1761 412 1823 vivos
438 1763 575 1843 capiunt,
596 1763 739 1845 reliquos
762 1761 933 1824 coniiciunt
952 1783 983 1821 in
1007 1761 1136 1844 fugam,
1158 1775 1190 1822 et

180 1842 219 1900 ad
241 1841 480 1900 Taulantiorum
509 1863 612 1923 usque
643 1853 766 1902 nrontes
792 1852 1039 1922 persequuntur.
1088 1843 1188 1900 Clitus
1259 1906 1264 1916 Ι

91 1965 95 1972 .
177 1920 208 1978 in
238 1941 275 1980 ea
303 1921 560 1980 consternatione
588 1923 619 1981 in
648 1943 666 1981 ο
692 1919 813 2000 pidum‘
830 1919 956 1978 Pelium
984 1938 1020 1978 se
1047 1919 1187 1998 recepit:
1212 1953 1228 1982 s

178 1999 303 2072 deinde,
324 1998 392 2058 sive
412 2001 613 2059 munimentis
634 1942 723 2058 urbis
750 1999 817 2058 sive
841 2016 971 2056 suorum
1000 1997 1108 2056 animis
1128 1997 1187 2056 dil·-

176 2074 263 2150 fisus,
288 2076 414 2136 incensa
435 2077 529 2167 urbe,
550 2079 582 2138 in
603 2078 785 2138 Taulantios
808 2077 983 2136 exsulatum
1007 2075 1091 2135 abiit.

256 2157 338 2216 Xlll.
366 2156 491 2215 interca
514 2178 575 2237 per
595 2158 777 2218 universam
791 2153 958 2214 Graeciam
980 2153 1115 2216 diffusus
1135 2178 1188 2216 ru·

176 2255 264 2311 mor,
285 2235 501 2294 Alexandrum
514 2237 546 2294 in
561 2237 708 2296 Triballis
731 2233 895 2309 cecidisse,
910 2253 1021 2294 omnes
1041 2236 1189 2296 Macedo-

177 2314 257 2376 nicis
281 2313 395 2396 opibus
415 2315 567 2376 'adversos
592 2316 623 2376 in
643 2337 657 2375 s
682 2337 733 2376 eni
753 2335 864 2374 rerum
884 2314 1101 2374 novandarum
1119 2337 1189 2380 erc·

177 2397 222 2456 xit
235 2395 272 2472 ί).
294 2397 341 2455 Ea
356 2415 484 2478 quoque
501 2395 532 2456 in
544 2395 642 2457 rebus
656 2336 799 2456 bumaria
819 2391 902 2452 haud
925 2405 1087 2474 postrema
1109 2395 1189 2456 cala-

178 2476 269 2536 mitas
292 2486 351 2550 est,
373 2474 472 2556 quod,
491 2487 654 2559 utcunque
674 2475 739 2538 levi
760 2473 901 2547 auctori,
925 2474 1112 2556 quaefacta
1133 2496 1189 2555 op-

178 2567 290 2631 tamus,
313 2567 377 2614 tam
399 2556 490 2616 enixe
512 2558 698 2634 creduntur,
720 2553 811 2638 quasi
831 2553 959 2614 veritati
981 2553 1047 2616 vim
1069 2554 1189 2615 ailerre

179 2635 281 2715 possit
304 2634 451 2714 pertinax
477 2647 508 2694 et
529 2634 694 2718 impatiens
716 2633 846 2697 rationis
868 2631 988 2714 opinio.
1028 2634 1188 2716 Repertus

180 2724 245 2788 est,
273 2713 328 2795 qui
348 2733 383 2772 se
402 2713 589 2794 inspiciente
613 2717 865 2776 circumventum
889 2731 1016 2794 regem,
1044 2725 1093 2792 et,
1124 2733 1188 2796 quo

178 2793 281 2854 minus
302 2792 536 2885 ambigeretur,
567 2815 603 2856 se
630 2796 661 2854 in
682 2816 720 2856 ea
746 2813 852 2876 pugna
872 2793 1076 2854 vulneratum
1097 2813 1166 2853 esse
1179 2837 1197 2867 ‚,

138 2885 159 2947 ,s
179 2870 368 2933 affirmaret:
396 2873 439 2948 1d,
459 2875 568 2952 pronis
592 2875 720 2935 auribus
750 2883 917 2953 acceptum
948 2872 1190 2956 vulgatumque,

180 2951 299 3013 civitati
325 2949 553 3014 Thebanorum
582 2967 742 3016 extremae
770 2951 953 3013 calamitatis
983 2951 1108 3012 initium
1136 2971 1188 3012 ex·

149 3052 165 3091 s
180 3032 270 3092 stitit.
312 3029 443 3170 quippe
470 3029 501 3113 2)
531 3053 571 3108 eo
596 3035 709 3096 nun-tio
737 3031 834 3097 exciti
863 3029 992 3124 quidam
1024 3033 1188 3104 exsulum,

180 3131 262 3194 quos
287 3131 305 3171 a
353 3109 477 3194 bilrppo
498 3113 618 3176 eiectos
640 3115 794 3191 diximus,
814 3111 948 3174 ducibus
971 3111 1134 3174 Phoenice
1156 3123 1188 3172 et

186 3263 378 3286 uptun—un·-

253 3365 280 3434 ι)
303 3365 397 3420 lustin.
420 3369 499 3432 [1,2,
517 3365 544 3418 8.

246 3434 273 3504 n)
293 3435 401 3488 arnan.
422 3441 450 3500 1,
465 3435 492 3500 3,
511 3442 534 3492 l.
549 3434 690 3489 rimaran,
708 3451 733 3487 c.
752 3450 789 3500 ις.
