2636 3860
177 329 212 390 24
548 330 568 382 l.
584 327 803 381 suetusttrtm
852 325 854 329 ’

178 467 243 556 bet,
264 474 331 564 quo
352 467 556 544 Athenienses
580 477 771 560 improvisus·
796 477 1007 560 opprimeret.
1040 475 1171 538 Exerci-

177 575 247 628 tum
267 561 416 622 retinenti
437 559 583 622 obtentui
604 569 694 618 erant
714 558 891 638 lllyriorum
912 561 1064 634 nationes,
1085 577 1170 640 quae

179 642 304 724 ingenio
324 639 451 705 feroces
471 651 503 700 et
523 637 683 700 servitutis
704 638 845 699 insuetae
866 640 1047 720 impositum
1067 659 1171 718 nuper

179 725 288 800 iugum
309 733 462 782 excutere
485 720 658 794 tentabant.
699 721 734 778 In
762 739 818 779 eos
848 719 1029 780 Alexander
1059 718 1171 780 missus

185 803 242 881 ²¹),
261 800 405 862 barbaris
426 800 505 862 fusis
528 799 727 882 fugatisque,
766 819 836 859 eam
862 801 902 860 de
929 799 1057 861 fortuna
1078 809 1180 880 atque

180 883 301 962 airtute
323 902 378 942 sua
399 903 489 964 spem
510 893 543 942 et
563 879 696 962 reliquis
717 878 796 940 fecit
817 891 850 940 et
865 881 933 962 ipse
956 879 1115 960 concepit,
1135 891 1173 939 ut

167 963 241 1024 ¹iarn
261 963 327 1023 sine
347 976 440 1043 patre
466 961 564 1022 rebus
588 960 737 1042 gerundis
764 979 798 1020 se
825 981 938 1040 parem
968 960 1170 1025 existimaret.

179 1047 269 1104 Haeo
292 1064 351 1124 per
371 1042 531 1104 biennium
552 1052 648 1118 gesta.
678 1039 843 1121 Philippus
864 1053 980 1116 atatem,
1003 1060 1172 1122 praepara·
1212 1036 1213 1042 '

179 1125 219 1186 tis
242 1123 401 1197 omnibus,
432 1143 512 1206 quae
535 1121 609 1182 olim
630 1119 840 1180 destinaverat
863 1121 994 1204 exsequi
1013 1133 1171 1181 maturum

179 1215 277 1278 ratus,
298 1203 533 1284 exoptatissima
554 1201 720 1262 occasione
741 1199 855 1275 oblata,
875 1214 947 1262 ante
967 1201 1089 1260 initium
1114 1222 1171 1262 ve-

179 1284 224 1344 ris
246 1304 318 1344 cum
340 1284 483 1344 exercitu
503 1284 534 1344 in
556 1281 721 1359 Graeciam
746 1281 849 1352 venit,
873 1281 1055 1344 convocatis
1078 1283 1171 1342 etiam

179 1385 219 1425 ex
247 1364 468 1447 Peloponneso
500 1364 599 1445 copiis
624 1361 793 1426 sociorum.
834 1361 964 1502 Quippe
987 1359 1172 1442 'Amphicty-

179 1463 276 1504 onum
296 1445 429 1506 deereto
451 1457 576 1506 oreatus
598 1453 667 1504 erat
690 1443 865 1524 imperator
923 1461 1092 1503 raecorurn
1115 1442 1171 1522 12),

178 1535 215 1584 ut
235 1525 431 1584 insolentiam
452 1528 640 1596 Locrorum,
663 1523 717 1605 qui
731 1523 929 1604 Amphissam
948 1523 1100 1598 incolunt,
1122 1543 1172 1582 ca·
1205 1527 1214 1533 ’

178 1604 326 1686 stigaret3
355 1625 491 1687 namque
513 1603 706 1686 Cyrrhaeum
726 1623 839 1685 agrum
860 1603 1000 1684 Apollini
1024 1602 1172 1679 dicatum,

178 1685 443 1764 Amphictyonum
465 1686 652 1746 auctoritate
684 1695 867 1755 contemta„
888 1684 997 1744 colere
1022 1704 1173 1764 perseve-

178 1763 300 1839 rabant,
322 1765 502 1849 ducemque
527 1765 567 1825 ab
587 1761 643 1827 'his
665 1775 824 1837 creatum,
844 1764 1018 1824 interemtis
1040 1765 1172 1847 quibus·

179 1844 268 1918 dam,
295 1845 548 1909 vulneraverant.
596 1848 675 1904 Erat
703 1855 772 1904 tum
792 1845 940 1926 Philippo
962 1843 1078 1905 foedus
1100 1853 1172 1904 cum

179 1923 445 2000 Atheniensibus;
468 1928 525 1986 sed
545 1947 656 2006 parurn
681 1925 712 1984 in
735 1945 774 1984 eo
795 1925 945 2005 praesidii
959 1923 1104 1984 futurum
1124 1946 1172 1984 ar·

178 2003 396 2080 bitrabautur‚
416 2006 442 2064 si
461 2006 533 2100 regi
553 2005 719 2066 violandae
739 2002 815 2064 fidei
840 2025 963 2066 merces
986 2002 1170 2065 affulsisset.

178 2083 279 2164 Igitur
298 2083 420 2164 legatos
442 2086 481 2146 ad
505 2107 608 2167 1psum
631 2085 773 2161 mittunt,
800 2085 975 2166 petituros,
1005 2097 1041 2146 ut
1071 2085 1172 2166 pactis

178 2175 293 2240 staret3
325 2175 377 2222 aut
396 2177 488 2227 certe
517 2175 588 2226 ante
609 2185 667 2226 ver
687 2165 829 2226 adultum
849 2165 926 2225 nihil
948 2165 1062 2226 hostile
1084 2165 1173 2226 moli·
1249 2165 1251 2168 ’

177 2253 290 2330 retupt
330 2243 579 2306 deliberaturum
606 2245 727 2306 interea
754 2247 909 2328 populum
935 2246 1172 2317 Atheniensem,

119 2334 123 2339 “
179 2345 241 2406 qua
261 2323 384 2384 ratione
415 2327 671 2401 controversiae,
708 2345 791 2408 quae
818 2327 1003 2402 inciderant,
1025 2325 1172 2406 componi
1266 2344 1268 2346 ·

176 2415 316 2485 possent.
340 2405 466 2466 Thebas
488 2427 619 2502 quoque
640 2407 841 2489 legationem
859 2408 1052 2483 decernunt,
1081 2426 1172 2490 quae,

179 2485 324 2564 exposito
347 2506 505 2548 commum
524 2487 680 2568 periculo,
702 2487 907 2566 hortaretur,
934 2499 970 2546 ut
988 2488 1080 2548 simul
1100 2506 1173 2547 cum

176 2564 252 2644 ipsis
276 2566 408 2626 tutelam
432 2569 585 2629 Graeciae
606 2568 813 2649 susciperent.
852 2569 917 2628 Sed
931 2567 1098 2650 Philippus
1126 2566 1171 2648 13)

175 2663 236 2725 per
256 2643 398 2726 hospites
423 2659 456 2708 et
476 2649 604 2723 amicos,
626 2669 763 2731 quorum
784 2647 957 2724 Timolaus,
979 2649 1173 2732 Theogiton-

177 2742 241 2804 que
263 2737 296 2784 et
315 2727 505 2788 Anenroetas
525 2729 696 2822 plurimum
712 2726 797 2808 apud
811 2729 896 2788 cives
918 2747 992 2790 suos
1015 2739 1173 2810 poterant,

176 2802 345 2866 Thebanos
370 2805 402 2866 in
421 2809 554 2870 amicitra
571 2808 780 2869 Macedonum
801 2808 963 2869 continuit.
997 2810 1173 2889 Ratusque,

175 2883 295 2944 sicum
317 2887 392 2948 solis
413 2888 656 2950 Atheniensibus
678 2885 787 2946 futura
813 2909 866 2948 res
889 2902 990 2966 esset,
1022 2887 1117 2948 facile
1137 2905 1171 2945 se

175 2965 379 3046 superiorem
398 2967 492 3050 fore,
520 2968 611 3045 uictis
632 2967 672 3028 ad
692 2965 891 3047 Amphissam
913 2968 1025 3032 Locris
1046 2985 1171 3028 eorum·

245 3273 288 3344 u)
305 3275 380 3328 curt.
399 3278 425 3340 8,
442 3291 466 3342 ι,
483 3280 528 3332 ai.
605 3297 607 3300 ·

236 3343 278 3410 aa)
295 3344 419 3396 Aeschin.
440 3348 499 3396 adv.
519 3346 639 3415 Ctesipb.
657 3348 679 3420 §
700 3315 757 3406 128.

239 3411 281 3499 ιζ)
300 3413 439 3464 Demosth.
460 3414 495 3468 de
513 3431 623 3468 corona.
642 3436 670 3488 p.
689 3419 748 3488 324.
766 3418 798 3470 ll.
