2660 3864
408 298 524 370 suern.
542 315 577 365 m
597 317 630 382 Q.
650 289 807 366 cusanus
825 318 856 368 t.
875 317 908 370 11..
1092 326 1095 330 ·
1127 323 1160 376 st

156 461 363 542 tergit-iones,
403 461 445 525 ob
477 460 598 522 bellum
619 459 848 526 Macedonibus
880 467 910 526 in
932 462 1066 526 Graecia
1086 481 1162 527 coa·

155 539 296 601 ilandum
318 565 335 603 a
355 541 488 622 satrapis
505 541 805 623 i'actae,·ccgn0vit,
828 543 1078 607 Demosthenem
1093 549 1162 604 eam

157 620 200 681 ob
222 641 347 682 causam
367 641 515 702 magnum
537 621 606 680 auri
627 620 753 702 pondus
776 629 955 708 accepisse3
988 623 1077 684 euius
1105 624 1162 684 eti·

155 722 207 761 am
245 701 398 782 epistolae
428 700 474 760 ibi
508 700 727 768 servabantur.
777 705 843 766 Sed
877 705 950 788 quia
983 723 1062 784 pace
1090 723 1162 763 cum

156 779 402 842 Atheniensibus
429 781 506 842 inita
530 793 689 842 transacta
710 803 763 845 res
788 796 874 861 erat,
900 785 978 846 nihii
1000 803 1038 843 ea
1063 783 1104 843 de
1126 801 1161 844 re

155 859 262 940 palam
285 875 477 942 conquestus
499 873 563 938 est3
585 873 731 930 ceterum
752 863 922 930 intentiore
945 885 1021 926 cura
1045 863 1162 943 agitan-

157 940 233 999 dum
263 942 402 1016 censuit,
436 940 598 1024 quomodo
631 940 784 1004 adversus
813 941 977 1006 efficacem
1009 942 1067 1002 viri
1096 943 1162 1003 elo-

159 1019 318 1112 quentiam
339 1021 483 1082 Athenae
509 1020 540 1080 in
563 1019 672 1082 officio
694 1024 951 1100 continerentur,
974 1045 1029 1093 sua
1054 1021 1162 1082 defee-

156 1109 243 1159 trone
277 1099 473 1177 universam,
500 1099 668 1164 Graeciam
705 1101 737 1162 in
779 1114 885 1184 partes
919 1117 1080 1164 tracturae
1111 1103 1161 1170 i³).

157 1180 259 1239 Nemo
287 1181 481 1241 occurrebat
502 1179 668 1253 Phocione
692 1180 837 1263 dignior,
865 1185 955 1244 cuius
976 1183 1055 1242 mira
1075 1181 1163 1240 inno·

158 1259 261 1319 centia
289 1271 322 1319 et
350 1260 391 1332 ob
421 1261 629 1321 constantiam
650 1258 777 1322 virtutis
807 1263 962 1323 honorata
989 1271 1161 1342 paupertas
1187 1309 1191 1324 .

159 1350 236 1402 erat.
277 1340 359 1406 Eum
382 1359 480 1421 ergo,
505 1340 643 1418 primum
662 1337 703 1398 ob
725 1362 833 1418 usum,
862 1341 978 1402 deinde
979 1352 1042 1426 ,ut
1062 1339 1162 1400 homi-

153 1421 204 1489 nis
225 1419 512 1498 magnanimitatem
536 1420 646 1478 multis
666 1421 890 1500 experimentis
913 1419 1081 1506 cognovit,
1111 1417 1163 1478 ad-

157 1499 324 1568 miratione
350 1498 478 1560 virtutis
499 1499 543 1562 ita
564 1499 665 1560 coluit
685 1503 748 1578 ¹⁶),
769 1512 803 1560 ut
824 1521 895 1561 cum
918 1513 993 1581 post
1015 1517 1163 1564 eversum

157 1579 249 1640 Darii
271 1577 440 1659 imperium
464 1578 566 1647 animo
589 1579 690 1642 elatus
711 1581 870 1641 neminem
890 1581 952 1640 iam
972 1580 1074 1639 salute
1096 1577 1164 1657 dig-

158 1667 306 1741 naretur,
337 1657 376 1716 ad
409 1677 504 1740 quem
527 1658 707 1734 scribebat,
737 1661 985 1734 eximiumseum
1004 1658 1165 1732 honorem

159 1736 284 1797 duobus
299 1748 430 1812 tantum,
451 1736 621 1817 Antipatro
644 1753 677 1800 et
691 1739 858 1812 Phocioni,
878 1731 1038 1808 habuerit.
1082 1736 1165 1796 Con-

158 1827 238 1893 stat,
266 1815 340 1877 huic
368 1815 537 1900 aliquando
567 1829 694 1880 centum
721 1820 840 1879 talenta
867 1819 951 1879 dono
973 1817 1094 1890 misisse
1116 1835 1165 1876 re-

158 1915 245 1980 gem:
275 1895 391 1958 deinde
416 1896 580 1978 optionem
601 1895 720 1960 secisse
748 1899 831 1960 inter
851 1910 990 1982 quatuor
1010 1895 1095 1957 haud
1119 1894 1166 1976 ig-

98 2020 103 2028 .
158 1977 280 2038 nobiles
302 1977 398 2038 Asiae
420 1977 518 2056 u'rbes
544 1997 637 2036 unam
658 1979 807 2063 eligendi.
851 1979 943 2054 Cius,
964 1976 1081 2051 Elaea,
1101 1977 1166 2054 My·

157 2056 302 2140 lassaquc
331 2069 363 2118 et
385 2055 552 2138 Gorgetho
575 2055 843 2140 fuerea'quidam
872 2057 983 2132 ultimo
1013 2056 1085 2134 loco
1107 2057 1166 2116 Pa·

127 2175 128 2179 =
157 2149 226 2197 tara
247 2137 408 2208 nominant
431 2137 490 2216 ¹7).
532 2137 575 2196 At
598 2137 653 2199 iile
683 2139 759 2198 nihil
781 2137 896 2204 horum
919 2135 1061 2217 accepit:
1093 2133 1166 2207 sed,

158 2236 198 2278 ne
219 2216 298 2276 tanti
319 2217 404 2300 regis
427 2215 594 2278 amicitiam
615 2218 780 2289 fastidiose
802 2217 961 2297 spretisse
987 2215 1165 2290 ¹videretur,

183 2297 268 2372 etiit,
297 2309 334 2374 nt
353 2295 584 2377 Echecratides
605 2297 766 2378 sophista,
798 2307 830 2356 et
857 2293 1086 2355 Athenodorus
1108 2295 1166 2351 Im·

158 2317 265 2449 hrius,
300 2395 375 2435 cum
401 2378 575 2454 Demarato
607 2387 639 2432 et
667 2375 824 2454 Spartane
856 2372 1009 2452 Rhodiis,
1049 2371 1106 2459 qui
1135 2371 1166 2431 in

159 2475 233 2516 arce
256 2454 408 2534 Sardiana
435 2450 553 2532 captivi
580 2451 787 2530 tenebantur,
820 2451 962 2514 custodia
991 2450 1165 2525 liberaren-

159 2547 221 2598 tur.
265 2533 329 2592 Sed
348 2532 430 2591 haec
450 2531 481 2590 in
503 2530 638 2611 sequens
656 2545 781 2612 tempus
799 2550 982 2590 excurrere.
1023 2533 1105 2590 Tum
1128 2531 1166 2590 ad

159 2613 324 2693 Ephesum
346 2611 424 2671 itum
448 2621 497 2672 est
522 2607 584 2683 ¹3),
614 2632 709 2694 quam
736 2630 810 2670 acce
835 2620 868 2670 to
899 2607 995 2670 cladis
1018 2611 1167 2681 Persicae

160 2691 271 2758 nuntio
291 2690 498 2774 praesidiarii
532 2691 760 2766 deseruerant,
801 2632 922 2766 (inaltus
951 2688 1168 2770 Ephesiorum

161 2771 345 2840 triremibus
368 2771 481 2850 erecti.
522 2773 601 2848 Erat
625 2767 672 2842 ¹9)
702 2769 862 2847 intereos
886 2771 1035 2850 Amyntas
1058 2770 1167 2831 Antio-

162 2851 214 2913 chi
234 2851 326 2926 filius,
352 2852 407 2934 qui
429 2843 468 2911 ori
488 2841 674 2912 Macedonia
694 2849 910 2934 profugerat,
931 2850 1017 2909 nulla
1038 2849 1167 2934 quidem

162 2931 277 2992 iniuria
298 2930 443 3010 affectus,
464 2930 522 3009 scd
546 2931 635 3014 quod
654 2927 874 3014 periculuma
896 2949 975 3010 rege
991 2941 1166 2990 metueret:

165 3073 359 3088 m

244 3149 257 3178 *
289 3149 402 3212 Diodor.
425 3152 466 3210 17,
483 3143 526 3208 64.
549 3145 684 3196 Plutarch.
701 3142 838 3196 Demosth.
859 3160 882 3194 c.
895 3135 942 3193 ab.
1064 3196 1066 3200 ,

233 3219 264 3270 ι6
293 3214 432 3269 Plutarch,
450 3212 623 3267 Phoc-ionae.
635 3228 677 3263 aa.
690 3227 730 3278 23.
745 3223 788 3274 24.
804 3213 908 3267 Aeliae.
930 3225 983 3264 rar.
1006 3209 1066 3261 hist.
1086 3215 1109 3275 1,
1125 3210 1166 3259 asi.

233 3303 261 3350 ¹7
295 3287 398 3353 Aeliae.
415 3299 470 3338 var.
489 3279 549 3330 hist.
569 3286 593 3346 1,
612 3281 654 3331 25.

234 3355 264 3404 18
295 3353 401 3404 Arrian.
423 3355 490 3416 1,6‚
508 3351 534 3403 6.

236 3421 278 3490 19)
299 3421 405 3472 Curtius
423 3433 449 3484 3,
468 3423 510 3484 11,
529 3415 569 3474 18.
