2636 3860
114 360 119 373 ·
188 325 246 387 xii
488 344 531 384 nn
552 344 583 406 o.
605 343 724 388 onorio
748 345 834 388 nono

187 507 265 551 ruem
285 487 446 562 leboinus,
466 505 569 547 nouum
588 486 667 546 sidio
688 487 798 550 illudit.
823 487 931 548 ·Huiru
956 487 1088 556 hercule,
1119 507 1175 546 non

188 590 268 658 solis,
291 600 373 650 ortus
393 589 483 650 lucem
503 587 647 664 caliganti
667 587 797 650 reddidit
818 591 936 660 mundo,
959 613 1022 650 eum
1041 597 1102 649 sine
1122 607 1174 649 suo

187 701 288 772 eapite
308 689 458 754 discordia
477 691 606 750 menbra
625 688 821 769 trepidarent.
864 693 941 774 Quoi
969 695 1016 754 ille
1043 709 1104 756 tum
1124 717 1175 756 cn·

187 805 295 860 siineit
305 795 413 873 sores!
440 805 510 876 quot
530 791 662 854 condidit
683 792 820 868 gladios!
850 807 989 876 qnantum
1017 809 1175 880 tempesto-

186 911 246 960 tem
267 899 366 960 orbito
389 903 551 958 serenitate
570 897 728 966 disemsit!
758 897 823 958 Non
849 921 917 974 ergo
946 907 1099 960 revirescit
1128 919 1174 959 so·¹

187 1001 254 1070 lum,
273 999 328 1060 sed
343 1007 436 1062 etiarn
448 999 543 1079 floret
564 1004 724 1076 imperinm.
766 1001 853 1061 Absit
873 1001 958 1060 modo
980 1001 1103 1078 invidio,
1125 1022 1175 1060 eo*

186 1108 276 1180 cipiet
295 1100 475 1163 huiuscene·
489 1112 624 1182 temporo
640 1099 764 1164 eiusdem
782 1101 881 1162 domus
898 1109 1010 1162 utinam
1023 1111 1176 1183 perpetuo,

187 1214 266 1264 serie
286 1201 424 1264 diuturno
442 1210 615 1282 posteritas.
660 1204 724 1266 Ubi
753 1225 824 1266 cum
847 1204 943 1266 verbe
969 1226 1073 1264 novum
1095 1204 1175 1264 sidus

189 1305 299 1374 illusit,
320 1304 479 1388 inquibus
499 1318 635 1388 propter
655 1307 1029 1390 ambiguitatemsumma
1049 1288 1183 1370 contrcss

189 1408 312 1480 versiae
341 1419 503 1487 versatur,
525 1409 656 1472 ‘variam‘
689 1409 980 1498 interpretationem
1011 1411 1176 1473 admittent
1266 1489 1268 1494 ,
1312 1425 1313 1442 ¹

188 1506 232 1591 9),
251 1531 354 1596 neque
375 1513 417 1574 ita
437 1512 532 1575 focile
552 1513 716 1574 diiudicari
734 1513 857 1597 possitp
877 1515 917 1575 de
932 1526 1085 1598 “monem
1118 1515 1175 1574 im-

133 1646 138 1657 *
187 1613 270 1698 perii
301 1615 436 1679 Romani
468 1616 611 1698 principe
649 1637 685 1678 ec
717 1631 862 1698 tempore
890 1619 938 1676 'ea
970 1618 1176 1702 intelligendo

188 1717 260 1796 sint,
283 1717 378 1778 etiem
398 1720 593 1784 cordatiores
613 1719 724 1798 critici,
745 1721 812 1805 qui·
819 1721 965 1804 plerique
985 1723 1174 1805 scriptorem
1216 1765 1220 1769 a

188 1835 331 1887 nostrum
351 1819 521 1906 genuinum
542 1831 574 1883 et
600 1822 762 1906 antiquum
789 1836 980 1906 agnoscunt,
1013 1824 1173 1886 sententiis
1207 1881 1209 1886 ,

191 1983 394 2003 mauu—a-

236 2109 265 2179 9)
284 2111 401 2162 Primum
419 2113 490 2164 enim
506 2114 621 2166 variotur
637 2111 708 2162 inter
730 2113 780 2182 qui
795 2115 903 2180 noctis,
921 2129 989 2182 quae
1008 2117 1054 2160 est·
1069 2109 1173 2174 vulgata

191 2185 223 2231 et
237 2179 282 2229 cui
298 2181 397 2241 rzoctis,
419 2198 498 2250 quom
516 2199 576 2233 cum
593 2171 741 2231 Niebuhrio
758 2183 896 2251 Zumptius
915 2167 1052 2252 praetulit.
1070 2176 1172 2228 Deinde

187 2249 304 2298 miiitum
321 2247 441 2314 interest,
464 2265 527 2298 num
546 2248 618 2299 sidus
647 2265 745 2300 nossem
771 2251 879 2317 proprie
909 2252 1057 2318 accipiatur
1074 2261 1106 2295 on
1124 2259 1173 2313 per

189 2317 344 2384 allegoriam
371 2318 423 2368 sive
441 2317 551 2384 figurate
577 2317 730 2382 explicetur.
765 2319 888 2368 Omnium
911 2329 1000 2368 autem
1020 2317 1119 2382 optimc
1138 2313 1171 2364 dc

188 2385 243 2436 loci
261 2386 344 2434 nostri
360 2385 581 2453 interpretatione
600 2385 631 2432 G.
643 2383 760 2450 Pinzger
773 2387 878 2450 meruit,
896 2387 978 2452 quiin
991 2383 1171 2449 disquisitione

190 2453 224 2502 de
243 2453 331 2504 Curtii
344 2463 428 2506 aetate
445 2456 510 2506 scite
529 2456 662 2516 observet,
681 2447 811 2506 dictiones
825 2455 956 2503 exstinxit
966 2452 1048 2522 foeces
1062 2459 1090 2500 ct
1106 2465 1170 2498 con·

190 2519 260 2572 didit
277 2519 386 2587 gladios
407 2539 485 2590 posse
503 2525 613 2592 proprie
634 2523 735 2589 accipi,
753 2539 791 2576 vv.
811 2534 943 2592 quorrtom
962 2520 1101 2571 serenitot.
1120 2527 1169 2568 etc.

188 2605 242 2639 non
263 2606 349 2656 posse,
367 2599 396 2640 ut
414 2591 508 2657 quibus
526 2593 613 2658 iruogo
634 2590 764 2656 quosdam
783 2591 953 2658 exprimaiur.
985 2587 1062 2640 Unde
1089 2603 1170 2653 quum

189 2658 332 2719 elucescat,
350 2659 500 2724 principem
519 2661 605 2726 ipsum
625 2674 640 2706 o
659 2659 751 2706 Curtio
776 2661 841 2709 novi
856 2659 952 2709 sideris
975 2659 1081 2708 nomine
1101 2653 1169 2702 indi·

189 2724 277 2790 gnari,
294 2726 421 2790 sequitur,
440 2725 584 2776 dictionem
601 2725 729 2774 exstinxit
740 2723 822 2790 foces
841 2737 869 2787 et
886 2729 969 2794 ipsam
985 2727 1095 2792 figurate
1114 2737 1170 2771 csse

190 2791 387 2859 explicandum
415 2793 452 2841 ito
470 2801 498 2842 ut
516 2793 585 2844 inter
609 2792 674 2842 duas
692 2791 824 2844 dictiones
849 2797 1006 2860 allegoricas
1023 2789 1110 2857 media
1126 2799 1170 2848 re·

189 2868 255 2924 siet,
285 2857 408 2909 condidit
430 2857 555 2924 gladios,
581 2861 693 2928 proprie
711 2861 882 2928 accipienda,
911 2860 983 2930 quod
1011 2861 1044 2910 oh
1076 2858 1132 2926 opti
1162 2858 1170 2905 i

189 2929 317 2993 cuiusque
346 2928 484 2995 scriptoris
511 2931 615 2980 ratione
641 2927 748 2977 minime
774 2928 926 2993 abhorreat.
959 2918 1044 2995 ‘igitur
1064 2927 1170 2977 Curiis

188 2997 316 3064 principis
330 2995 364 3046 ad
378 3012 467 3046 rerum
479 2997 658 3062 gubernaculo
672 3012 807 3048 accessum
827 3015 887 3048 cum
905 2998 997 3050 sideris
1016 3006 1076 3048 ortu
1096 3011 1156 3046 com

186 3071 273 3131 perot,
292 3063 364 3131 quod
380 3062 492 3131 fulgore
512 3082 561 3116 suo
580 3063 724 3116 condentes
744 3064 880 3116 bellorum
897 3067 1080 3118 intestinorum
1097 3064 1170 3114 seces

188 3133 319 3188 exstinxit.
336 3133 473 3184 Rationem
490 3142 587 3197 autem,
605 3149 656 3200 quo
673 3149 712 3181 vv.
727 3150 784 3184 non
796 3134 861 3184 solis
876 3133 1089 3186 antecedentibus
1105 3146 1168 3182 con·

188 3199 344 3267 iunguntur,
372 3200 425 3252 hoc
442 3199 524 3251 modo
543 3201 673 3269 explicat:
693 3201 761 3252 Solis
779 3203 899 3270 quotidie
924 3203 1031 3258 orientis
1049 3215 1169 3251 accessus

187 3284 315 3336 perquem
333 3269 453 3320 solutoris
473 3278 513 3322 est
528 3271 652 3320 universo
669 3269 731 3320 orbi
746 3279 896 3340 terrarum
918 3273 1001 3322 multo
1022 3265 1109 3318 aulem
1127 3278 1168 3317 sa·

187 3335 292 3387 lubrior
313 3347 339 3390 et
362 3337 466 3390 ielicior
488 3339 558 3390 illius
578 3337 671 3389 sideris
688 3340 749 3388 novi
769 3351 842 3396 ortus
852 3377 863 3403 ,
890 3341 917 3397 h.
941 3357 965 3393 e.
987 3337 1116 3405 principis
1134 3333 1169 3385 ad

187 3403 368 3470 gubernacula
383 3423 515 3474 accessus,
533 3406 594 3460 orbi
612 3405 730 3476 Romano
750 3411 857 3462 exstitit.
878 3409 948 3460 Bene
967 3413 1055 3459 eutem
1069 3405 1167 3474 priuci-
