2660 3864
383 380 605 476 smrnuuo.
629 379 870 434 conruunt.
938 454 942 466 Ι
1090 393 1124 444 33

62 535 63 538 ’
134 535 275 598 Graecus
299 531 522 612 Macedonem
549 537 715 614 tyrannum
739 546 831 609 osor,
853 529 994 614 punitor,
1014 537 1147 596 exstir-'

134 629 228 699 pator
249 614 435 696 tyrannidis!
476 611 571 674 Nullo
592 613 675 673 enim
702 611 764 673 alio
785 625 970 695 argumento
992 615 1127 676 clariora

132 711 205 758 sunt
224 696 375 758 Herculis
400 715 511 778 opera.
548 692 592 752 At
611 692 666 752 ille
687 690 853 752 Graeciam
873 693 1035 755 dominatu
1054 714 1127 778 pre-

131 777 203 855 mit3
227 775 417 860 quibusdam
442 775 537 838 etiam
565 769 743 834 civitatibus
764 771 957 836 domesticos
979 788 1127 856 tyrannos

137 859 166 938 ⁵)
187 857 349 938 imposuit,
370 853 568 916 Philistidem
591 851 698 928 Orco,
725 852 944 932 Hipparchum
970 851 1129 935 Eretriae,

134 937 276 998 Chalcidi
298 936 558 999 'l'aurosthenem
594 933 684 1016 Ergo
704 931 766 992 iam
788 934 818 1011 δ)
840 934 976 1012 Euboei‚
996 936 1127 1008 Achaei,-
1205 960 1209 967 ·

133 1017 308 1093 Corinthii,
329 1018 553 1100 Megarenses,
571 1009 741 1090 Leucadii,
773 1013 945 1094 Corcyraei
967 1015 1058 1077 nobis
1081 1017 1128 1078 fa-

133 1109 227 1160 vent:
251 1097 303 1157 alii
323 1095 485 1158 fortunam
510 1104 664 1178 spectant,
685 1111 766 1178 quae
783 1089 813 1174 7)
831 1091 982 1156 hactenus
1002 1099 1130 1158 unicum

133 1177 337 1240 Macedoniae
358 1177 520 1258 potentiae
535 1174 697 1240 vinculum
711 1173 786 1246 fuit,
808 1195 872 1258 quo
886 1174 1003 1237 leviter
1016 1176 1130 1259 abrup-

134 1269 179 1336 to,
199 1259 285 1319 ultro
307 1257 473 1318 dilabetur.
495 1257 625 1349 Quippe
646 1253 802 1330 Thessali,
822 1253 907 1316 unde
924 1251 954 1334 θ)
979 1255 1129 1339 Philippo

133 1337 235 1400 robur
256 1338 416 1421 equitatus
441 1347 500 1415 est,
523 1335 680 1398 neminem
701 1328 731 1413 9)
763 1355 901 1418 numiam
922 1334 977 1396 diu
996 1335 1130 1398 fovere:

134 1419 232 1498 Illyrii
253 1417 421 1500 ceterique
451 1414 668 1478 Macedoniam
690 1415 869 1476 accolentes
890 1413 1028 1492 barbari,
1050 1433 1130 1500 quo·

134 1520 207 1559 rum
228 1509 262 1558 et
281 1507 393 1557 natura
413 1495 507 1558 ferox
526 1506 575 1558 cst
588 1493 718 1570 animus,
742 1505 775 1554 et
792 1493 856 1554 indi
879 1495 1004 1556 natione
1020 1513 1132 1558 recen-

135 1581 174 1638 tis
196 1575 319 1638 servitii
340 1577 491 1656 irritatus,
513 1577 539 1638 si
560 1572 717 1666 principia
736 1571 814 1634 belli
830 1515 936 1657 Philip
960 1596 980 1636 o
1003 1577 1131 1660 sequius

136 1655 321 1733 evenerint,
354 1655 478 1741 reliqua
509 1677 569 1739 pro
596 1653 688 1716 nolus
716 1652 893 1719 conficient.
935 1597 1002 1720 ios
1032 1657 1130 1719 modo

135 1737 305 1799 nobiscum
330 1737 446 1798 acriter
474 1737 506 1798 in
532 1737 612 1798 harre
643 1753 750 1795 curam
772 1735 965 1810 incumbite,
986 1739 1132 1819 sepositis·

136 1817 264 1879 interim
286 1817 553 1895 contentionibus,
577 1835 655 1900 quas
675 1813 759 1876 inter
781 1815 896 1876 vicinas
916 1817 1013 1878 urbes
1036 1838 1131 1900 saepe

137 1898 217 1960 levis
240 1896 364 1960 occasio
385 1897 533 1960 concitat.
571 1895 654 1959 Odia
674 1893 814 1976 privata,
848 1905 924 1976 post
949 1912 1018 1959 rem
1049 1899 1132 1963 herae
1188 1923 1194 1937 ¹

139 1989 270 2062 gestam,
290 1978 464 2040 communis
479 1973 597 2040 laetitia
612 1975 643 2036 in
657 1969 914 2039 henevolcntiam
936 1985 1041 2040 vertet
1047 1997 1056 2056 3
1080 1991 1134 2040 aut

138 2079 211 2121 cum
232 2079 332 2140 porro
353 2059 489 2120 insanire
509 2057 645 2134 vacabit,
666 2076 742 2118 aum
764 2056 924 2118 dedecore
938 2057 1024 2120 sorte
1048 2060 1134 2120 dam-

137 2159 245 2223 noque
267 2151 414 2201 utrorum
437 2160 489 2216 ue,
505 2138 562 2200 sed
583 2149 689 2199 tamen
709 2137 787 2198 citra
811 2137 951 2215 exitium,
971 2157 1133 2202 resumen-

137 2232 198 2280 tur.
236 2221 348 2304 Neque
373 2163 465 2282 dolos
486 2217 628 2301 Philippi
647 2215 835 2279 timueritis:
856 2218 951 2280 modo
972 2221 1134 2300 promissis

140 2301 207 2362 eius
235 2318 327 2360 aures
356 2300 537 2376 occludite,
563 2314 673 2359 manus
702 2299 862 2360 continete
890 2320 907 2358 a
936 2301 1133 2362 muneribus.

139 2381 172 2440 Si
195 2379 271 2440 nihil
293 2392 364 2441 ante
385 2380 567 2440 libertatem
587 2377 781 2456 habueritis,
812 2375 964 2438 calliditas
986 2390 1019 2438 et
1040 2379 1135 2460 largi⁴

139 2461 244 2522 tiones
266 2458 387 2520 frustra
409 2469 512 2519 erunt.
533 2457 714 2518 Potentiam
739 2469 775 2516 ut
795 2456 974 2516 discordiae
996 2457 1136 2519 Graeco-

48 2610 52 2618 ,
140 2561 212 2600 rum
241 2539 439 2613 extulerunt,
463 2537 506 2596 ita
528 2545 699 2596 consensus
721 2535 850 2596 obruet.
897 2535 981 2616 Quin
1003 2538 1136 2618 etipse,

132 2619 176 2679 ‘ut
199 2627 247 2676 cst
268 2617 465 2689 temerarius,
487 2614 591 2696 excipi
611 2625 734 2696 potest:
758 2607 885 2698 quodsi
908 2615 1039 2695 accidat,
1058 2619 1136 2680 nihil

141 2721 157 2758 a
180 2696 295 2756 ceteris
316 2706 366 2754 est
384 2695 531 2777 periculi.
572 2697 651 2756 Nam
671 2694 740 2778 ipsc
761 2694 896 2777 gloriam
920 2707 1015 2780 atque
1036 2699 1135 2762 domi·

140 2775 318 2853 nationem3
354 2777 408 2859 qui
434 2775 492 2836 sub
520 2796 560 2838 oo
582 2787 670 2853 sunt,
700 2775 840 2860 quictem
867 2790 1028 2858 expetunt
1069 2781 1136 2842 Nisi

140 2857 229 2917 l'orte
251 2856 468 2918 Alexandrum
488 2857 658 2922 veremini:
697 2855 846 2940 quoniam
867 2857 918 2916 isti
939 2858 1069 2940 quidem
1093 2862 1136 2924 ita

139 3020 333 3039 -——·¹·

147 3165 149 3169 ·
206 3145 233 3214 5)
251 3139 388 3198 Demosth.
415 3136 530 3213 Philipp.
554 3141 579 3212 d,
601 3136 727 3196 otnant.
753 3135 1003 3200 contrahemoslb'.
1026 3157 1052 3218 pt
1078 3153 1134 3217 159.

141 3215 183 3267 ‘d'
202 3216 392 3340 {eki'emoau
411 3281 445 3332 aa
466 3291 577 3331 corona.
600 3280 617 3328 ι.
636 3281 653 3336 ι.
670 3279 806 3333 arctaret.
824 3275 959 3334 hemona
979 3295 1003 3336 a
1022 3277 1063 3351 24,

209 3359 222 3409 7
253 3353 391 3434 Dcmoslh.
412 3350 444 3402 ad
464 3349 580 3418 Philippi
601 3348 707 3416 epistol,
990 3371 992 3377 ·

206 3421 234 3556 ξ)
252 3421 390 3540 iltiirrdatit’
409 3417 615 3539 §idhsshr'istoch
636 3486 662 3537 et
683 3479 792 3555 olyuun
811 3495 836 3538 h.-
868 3481 1003 3542 Plutarch.
1021 3509 1045 3548 c.
1064 3501 1103 3561 19.

180 3579 295 3628 Cnflhu.
928 3583 944 3634 3
