2636 3860
413 339 530 390 suern.-
549 337 586 390 ut
605 337 639 406 Q.
659 304 815 388 coamens
831 340 861 390 s.
881 340 902 390 1.
1116 345 1149 398 23

156 499 284 570 gressus
309 504 390 546 suae.
405 483 532 546 virtutis
555 481 790 550 admoneretur.
833 483 914 548 Satis
941 485 1004 547 iam
1026 484 1149 570 gloriae

154 567 382 650 potentiaeque
403 564 554 648 Philippo
576 566 754 648 quaesitum
776 579 856 643 erat,
877 566 951 628 satis
973 567 1067 630 etiem
1093 588 1150 648 pe·

154 647 332 711 riculorum
353 657 448 728 atque
469 649 636 707 vulnerum
657 644 856 727 pertulerat,
876 647 902 708 si
924 647 1062 730 quietem
1083 647 1150 729 pati

154 739 264 808 posset
290 726 408 786 animus
436 726 606 786 ambitione
638 746 774 788 vecors..
799 726 1001 788 v'l'ributarios
1029 727 1151 808 Illyrio·

154 829 226 867 runa
258 805 446 868 Macedonas
486 807 624 866 omnium
657 827 721 867 nou
751 805 929 870 vicinorum
963 807 1059 870 modo
1092 807 1151 870 sed

154 887 250 948 etiam
272 888 367 968 longe
395 885 577 958 dissitorum
604 885 748 948 dominos
779 885 954 948 effecerat:
993 887 1151 951 Triballos

70 991 75 998 ·
154 967 345 1050 subegerat:
370 966 536 1026 Thraciam
562 965 702 1026 habebat
733 967 764 1026 in
792 979 970 1049 potestate:
991 969 1096 1029 multis
1118 965 1150 1048 9)

155 1048 353 1108 Graecorum
374 1047 500 1128 populis
523 1046 714 1128 imperabat3
739 1048 816 1110 alios
837 1059 925 1110 metu
940 1059 993 1108 aut
1007 1047 1151 1143 largitio·

154 1127 243 1196 nibus
271 1126 401 1190 tenebat
427 1126 590 1193 obnoxios.
633 1127 802 1190 Thessalos
826 1127 998 1207 Daochus,
1027 1129 1151 1206 Cmeas‚

155 1207 386 1288 'l'hrasydaeus,
407 1227 478 1267 cum
495 1207 622 1281 ,Eudico
644 1220 678 1268 et
693 1207 780 1270 Simo
798 1209 985 1284 Larissaeis3
1007 1208 1149 1270 Arcades

155 1287 322 1365 Cercidas,
341 1287 582 1366 Hieronymus,
612 1289 803 1369 Eucalpidas
811 1308 820 1364 3
857 1289 996 1370 Argivos
1027 1289 1150 1368 Myrtis,
1225 1333 1229 1348 .

155 1369 523 1452 'l'eledamus7Mnaseas3
552 1367 650 1428 Eleos
666 1369 853 1441 Euxitheus,
875 1369 1059 1442 Cleotimus,
1079 1368 1151 1430 Ari·

58 1495 60 1500 -
153 1449 341 1523 staeohmus,
362 1447 452 1529 regio
468 1447 543 1528 iugo
557 1444 780 1510 subdiderant:
802 1448 974 1510 Messenios
988 1447 1151 1510 Philiadae

129 1515 264 1601 'liheri,
289 1530 379 1594 Neon
401 1539 433 1588 et
458 1525 708 1604 Thrasyloohus3
731 1528 893 1608 Sicyonios
920 1527 1096 1590 Aristratus
1117 1539 1151 1592 et

153 1609 358 1684 Demaratus:
375 1609 578 1701 Megarenses
589 1607 803 1683 l³toeodorus,
824 1607 968 1680 Helixus,
988 1607 1152 1686 Perilaus3

153 1686 360 1748 Euboeenses
393 1687 614 1768 Hipparchus,
659 1687 851 1765 Clitarchus,
890 1699 924 1748 et
952 1687 1153 1766 Sosistratus,

154 1787 230 1827 suae
266 1766 385 1850 quique
417 1767 550 1828 civitatis
582 1767 766 1852 principes,
801 1767 1025 1831 conciliabant:
1055 1765 1152 1846 Olyn-

153 1846 253 1910 thium
273 1848 497 1928 unthycrates
539 1859 573 1908 et
613 1850 786 1909 Lasthenes
822 1847 1041 1931 prodiderant.
1083 1849 1152 1912 Une

153 1925 382 2010 Spartanorum
404 1929 514 1990 civitas
544 1928 663 1992 veteris
692 1929 877 2012 disciplinae
900 1928 1031 2011 egregie
1055 1939 1152 1990 tenax

153 2020 187 2068 et
207 2009 396 2090 proditionis
418 2009 561 2070 immunis
582 2007 653 2069 fuit.
694 2007 760 2070 Sed
787 2030 859 2071 cum
888 2009 1024 2092 imperio
1054 2009 1187 2072 totiusx

153 2089 307 2150 Graeciae
328 2089 524 2166 immineret,
559 2089 798 2151 Atheniensium
826 2091 960 2150 maxime
982 2109 1061 2171 opes
1084 2109 1153 2150 mo-

152 2171 218 2230 rari
239 2167 393 2230 destinata
414 2171 578 2234 cernebat.
618 2172 687 2230 Nec
711 2169 843 2231 deerant
871 2171 903 2230 in
925 2169 1071 2247 civitate,
1097 2169 1153 2254 qui

152 2269 205 2308 res
227 2249 390 2330 adipsum
413 2251 594 2312 traherent:
628 2251 686 2312 sed
706 2251 861 2332 populus,
889 2251 945 2334 qui
971 2251 1074 2312 omnia
1094 2273 1153 2331 po·

152 2340 246 2400 terat,
268 2330 452 2412 impellente
474 2330 694 2405 Demosthene
716 2343 827 2391 contra
842 2331 1051 2406 Macedonum
1072 2349 1152 2410 opes

152 2409 326 2484 nitebatur3
352 2411 558 2490 crebrisque,
585 2421 621 2468 ut
641 2410 725 2468 inter
772 2423 895 2470 otentes
923 2409 1058 2485 vicinos,
1079 2429 1153 2469 con·

152 2489 355 2563 tentionibus,
377 2491 536 2570 ingenium
556 2487 697 2568 Philippi
716 2431 881 2564 callidum,
906 2488 1024 2564 audax,
1052 2490 1086 2549 et
1109 2487 1152 2550 ob

153 2568 399 2628 dominationem
436 2566 511 2626 fidei
544 2565 713 2648 famaeque
749 2567 913 2649 negligens
947 2588 987 2628 oo
1012 2579 1153 2634 noverat.

153 2646 288 2706 Maxime
310 2647 424 2706 urebat
444 2666 556 2730 regem
577 2665 690 2719 recens
711 2645 822 2724 dolor,
850 2645 938 2742 quod
964 2587 1010 2708 ad
1030 2653 1153 2728 Byzan·

154 2726 245 2790 tium.
259 2725 498 2798 Atheniensium
519 2747 627 2820 opera,
648 2747 704 2808 sps
725 2749 780 2790 sua
802 2728 987 2790 extulisset:
1016 2729 1070 2812 qui
1089 2751 1153 2792 non

152 2805 249 2866 modo
273 2818 405 2880 centum
427 2821 461 2870 et
487 2807 601 2891 viginti
630 2808 757 2874 navium
786 2809 917 2882 classem
939 2809 1076 2878 obsessis
1100 2831 1154 2872 au-

153 2885 228 2949 xilio
258 2886 426 2966 miserant,
465 2889 523 2951 sed
551 2901 584 2949 et
616 2887 700 2950 Chiis
733 2883 933 2972 Rhodiisque
965 2889 1010 2969 ¹⁰)
1042 2890 1154 2961 eadem

112 3046 115 3050 ἱ
153 2965 290 3043 audendi
335 2981 481 3042 auctores
525 2969 664 3046 fuerant.
714 2969 817 3052 Igitur
851 2971 930 3048 'dnm
958 2981 1154 3050 perstaretur

155 3047 268 3108 vulnus
288 3047 321 3108 in
345 3049 495 3111 Triballis
509 3061 687 3131 acceptum,
707 3051 813 3112 omnia
832 3049 961 3111 occulte
983 3070 1154 3134 praepara·

164 3211 364 3225 --—..-.-..
401 3213 405 3220 .

182 3383 188 3394 ·
216 3311 244 3381 9)
272 3311 409 3364 Demosth.
435 3313 471 3364 de
495 3328 597 3395 corona
627 3333 654 3384 p.
676 3316 737 3394 324.
762 3315 791 3365 R.
815 3311 949 3376 Plutarch.
975 3315 1051 3380 Deru.
1075 3325 1100 3392 c.
1121 3317 1154 3384 24

158 3381 270 3434 Diodor.
291 3383 332 3445 16,
349 3383 391 3436 54.
410 3383 521 3432 Pausan.
538 3383 585 3432 hb.
606 3399 630 3448 7.

224 3459 265 3520 ro)
284 3449 421 3503 Demostb.
441 3450 473 3502 de
492 3467 594 3504 corona
611 3471 638 3521 p·
656 3450 707 3517 2⁵4
726 3469 765 3519 sq.
784 3451 813 3500 li.
831 3450 945 3503 Diodor.
967 3452 1007 3518 16,
1026 3453 1067 3521 78.
