2660 3864
151 392 158 438 l

188 331 221 385 u
380 394 388 400 .
577 326 598 376 1.
615 299 842 380 mensuruu-

186 497 277 556 mus,
297 469 499 554 inter'spolia
518 475 648 556 pugnari
674 475 713 536 ad
733 477 832 536 lssbm
853 474 969 554 proelii
991 475 1060 548 suita
1082 479 1178 559 gladi:

96 605 101 612 .
186 579 240 624 um
261 557 506 624 Citieorumrex
521 555 654 635 Cyprius
673 557 757 619 dono
779 554 877 632 dedit3
899 555 1016 614 Rhodii
1029 557 1178 634 balteum,

187 659 282 720 quem
311 634 550 714 incomparabili
574 634 726 704 industria
747 635 950 716 conspicuum
970 637 1107 699 Helicon
1132 639 1180 699 fe-

186 711 454 797 cerat,‘egragius
473 712 557 775 inter
576 713 697 795 priscos
718 712 864 780 artifices.
905 718 1017 796 Neque
1038 720 1182 793 poenitet

188 798 262 865 talia
282 815 479 870 memorare,
503 815 584 878 quae
605 796 768 861 veteribus
788 794 995 876 scriptoribus
1018 797 1110 876 digna
1130 821 1181 859 re·

185 878 252 940 latu
273 875 534 952 ridebantur3-et
556 877 672 957 alioqui
692 897 879 956 magnorum
899 895 1012 956 regum
1034 877 1114 939 dicta
1135 878 1182 942 la·

186 970 319 1040 utaque,
349 955 442 1016 etiam
470 977 551 1037 quae
577 955 700 1025 leviora
727 955 838 1022 baberi
864 955 986 1029 solent,
1019 979 1081 1024 non
1115 959 1180 1028 sine

187 1037 298 1103 fructu
318 1048 372 1102 aut
395 1035 557 1114 voluptate
583 1038 781 1101 recoluntur.
823 1035 920 1101 Certe
942 1055 1028 1104 arma
1049 1038 1182 1108 Alexan·
1250 1063 1252 1066 ·

187 1117 237 1180 dni
267 1136 403 1199 sequens
431 1127 515 1183 aetas
536 1115 591 1176 diu
610 1129 761 1184 senerata
790 1127 854 1182 est:
877 1115 991 1198 quibus
1019 1117 1099 1179 adeo
1126 1116 1188 1197 ped

185 1197 291 1282 percit
325 1206 481 1270 vetustas,
509 1201 546 1258 iit
579 1215 618 1256 ex
641 1197 790 1274 Romanis
822 1195 1067 1276 imperatoribus
1104 1200 1182 1260 alius

185 1291 262 1362 post
282 1275 410 1344 subacta
432 1276 565 1337 Pontica
585 1269 688 1358 regna⁸
704 1275 867 1356 chlamyde
888 1275 971 1335 illius
986 1277 1183 1360 triumphum

186 1380 279 1428 suum
307 1368 443 1427 ornaret·
460 1354 522 1432 ’ἥς
559 1355 637 1428 alius
666 1357 830 1422 thoracem
859 1355 1030 1427 Alexandri
1057 1359 1183 1425 indutus

185 1448 394 1522 percurreret
421 1450 566 1518 pontem,
596 1457 691 1520 quem
713 1437 924 1504 aemulatione
945 1437 1035 1498 Darii
1055 1441 1182 1506 Xerxis-

187 1520 305 1604 quein
335 1517 451 1598 pelago
473 1529 642 1594 struxerat.
682 1521 762 1580 Bost
791 1518 870 1578 haec
893 1515 1072 1580 Alexander
1092 1541 1109 1579 a
1129 1520 1184 1582 Mi-

185 1619 303 1669 nervae
324 1597 398 1666 fano
422 1597 583 1678 digressus
593 1598 729 1664 Arisbcn
749 1597 914 1680 processit,
934 1597 990 1658 ubi
1007 1611 1108 1666 castra
1130 1599 1185 1665 ha·

189 1678 308 1750 bebant
329 1677 533 1753 Macedones,
565 1679 620 1762 qui
649 1699 721 1748 cum
746 1677 957 1749 Parmenione
988 1680 1185 1751 transierant.
1250 1746 1253 1750 ,

187 1761 326 1828 Rostero
359 1757 411 1818 die
435 1757 479 1839 l5)
506 1773 635 1842 practer
662 1761 823 1824 Percoten
857 1769 890 1819 et
920 1759 1113 1839 Lampsaoon
1147 1761 1186 1820 ad

187 1840 349 1910 Proelium
372 1836 490 1902 llumen
518 1838 698 1912 contendit,
719 1838 816 1922 quod,
843 1857 883 1902 ex
902 1836 1003 1898 Idaeis
1028 1839 1186 1902 montibus

191 1931 307 1992 ortum,
328 1920 574 2000 Lampsacenum
600 1919 644 1997 ²⁶)
677 1919 930 2000 Abydenumque
956 1939 1064 2000 agrum
1090 1921 1187 1986 intar-

187 1998 275 2074 fluit,
297 1997 423 2073 deinde,
448 2000 611 2082 paulisper
638 1998 677 2064 ad
706 1997 967 2080 septemtrionem
987 1995 1120 2072 flexum,
1154 1998 1187 2058 in

188 2077 422 2161 Propontidem
445 2081 519 2143 exit.
562 2078 638 2140 lnde
651 2081 843 2146 Hermotum
864 2083 1119 2159 praetergressus
1139 2077 1186 2153 p)

188 2180 264 2235 rex,
292 2159 332 2220 ad
354 2156 490 2222 Colonas
535 2161 618 2230 uxlt,
647 2159 679 2218 in
696 2158 935 2224 mediterraneis
959 2159 1188 2240 Lampsaceno·

188 2262 261 2310 rum
282 2239 377 2310 situm
398 2232 562 2323 oppidum.
604 2236 760 2303 Omnibus
780 2239 847 2299 istis
868 2240 899 2298 in
921 2237 1115 2310 deditionem
1138 2243 1188 2316 ac-

190 2321 310 2403 ceptis,
337 2325 423 2383 snam
452 2333 485 2382 et
505 2319 726 2400 Lampsacenis
759 2316 804 2393 18)
833 2319 1015 2401 ignoverat)
1045 2322 1188 2401 Panego-

190 2426 262 2468 rum
283 2398 378 2469 misit,
400 2403 455 2496 qui
474 2402 707 2482 Priapenorum
727 2399 852 2477 urbem,
873 2399 964 2481 q‘uam
990 2399 1112 2468 incolae
1134 2401 1189 2460 de·

191 2485 322 2556 debant,
353 2495 533 2564 reciperet:
574 2482 722 2562 Amyntas
743 2481 898 2548 Arrabaei
918 2478 998 2538 lilius
1022 2501 1093 2546 cum
1108 2483 1189 2564 'qua-

190 2575 267 2628 tuor
289 2575 538 2634 antecursorum
566 2563 693 2637 turmis,
729 2584 791 2622 una
813 2561 1069 2642 Apolloniatum,
1096 2583 1189 2643 quam

192 2646 341 2710 Socrates
363 2643 518 2720 ducebat,
549 2643 749 2724 speculatum
772 2642 820 2708 ire
840 2643 943 2702 iussus
953 2661 962 2718 ;
993 2643 1113 2723 quippe
1133 2640 1191 2702 ho·

193 2737 257 2800 stes
284 2727 316 2792 in
349 2747 409 2808 pro
434 2727 531 2810 inquo
565 2724 791 2795 versabantur,
827 2742 945 2807 summa
979 2720 1190 2793 sollieitudine

192 2825 334 2890 curaque
365 2749 488 2873 bellum
518 2808 722 2869 instruentes.
780 2805 866 2865 Inter
894 2823 949 2864 cos
979 2801 1028 2862 rei
1048 2802 1191 2862 militaris

205 2984 399 3002 ..ὰ-μαι..-

269 3104 315 3174 al)
334 3103 448 3170 Appian.
474 3101 508 3156 de
527 3103 611 3166 bellis
634 3103 829 3166 Mithridaticis.
854 3103 906 3156 Dio
925 3102 997 3154 Cass.
1016 3103 1062 3154 lib.
1079 3107 1122 3167 59.
1140 3101 1193 3152 zo.

198 3189 283 3228 umes.
309 3173 412 3226 Arrian.
434 3182 457 3235 Ι,
475 3172 500 3235 5,
525 3171 563 3221 ι6.

269 3245 311 3308 ι5)
332 3241 437 3292 Arrian.
457 3255 479 3303 ι,
499 3241 524 3303 5,
546 3242 585 3292 ιὰ

270 3315 311 3378 ιδ)
329 3311 425 3362 Strabo
442 3308 490 3362 lib.
511 3320 550 3370 13.

301 3383 312 3448 l
331 3380 435 3430 Arriau.
461 3395 483 3442 1,
504 3378 528 3440 5,
554 3379 837 3436 adsentantium.
