2660 3864
313 373 321 376 -
399 345 572 400 surram
591 347 626 414 o.
647 345 806 401 coartant
823 348 854 400 t.
873 347 907 400 11.
1125 355 1161 408 aa

153 505 265 554 natura
293 493 441 577 obliquos
468 491 513 573 16)
542 513 603 576 per
631 491 750 554 flumen
782 493 911 558 ordines
938 493 1091 569 duxerat,
1120 515 1161 557 ne

150 574 267 649 statim,
293 593 365 634 cum
388 595 427 634 ex
447 595 528 656 aqua
549 573 733 650 evasissent,
757 597 775 635 a
795 575 904 634 Persis
925 575 1161 638 invaderentur.

153 653 313 715 'l'urhatos
335 652 450 714 deinde
472 654 671 736 territosque
694 653 851 730 excitavit,
873 653 1017 716 hortatus
1048 651 1104 734 ¹⁷),
1127 664 1163 714 ut

151 734 262 794 saltem
285 735 384 792 semel
412 732 516 792 adhuc
549 741 679 794 strenue
708 732 912 803 adorirentur
939 734 1058 797 hostes.
1101 737 1161 794 Ne·

152 833 215 896 que
243 813 345 872 minus
375 834 468 872 manu
495 811 627 874 fortiter
660 833 735 872 usus
772 825 855 873 erat:
896 814 1013 874 multos
1041 813 1162 888 latices,

153 893 232 955 alios
254 913 330 952 ense
353 892 554 954 coniecerat:
575 892 736 974 primique
757 913 797 953 ex
817 891 961 954 hostibus
983 883 1091 973 hagam
1119 891 1161 971 18)

153 972 368 1054 arripuerunt,
392 973 447 1054 qui
468 983 579 1032 contra
599 973 704 1052 ipsum
728 973 946 1036 constiterant.
989 972 1163 1032 Consilium

154 1071 294 1136 quoque·
303 1051 401 1132 ipsius
419 1052 532 1112 audaci
552 1051 671 1132 specie,
691 1051 763 1132 plus
783 1063 887 1112 tamen
908 1053 1049 1128 rationis,
1070 1073 1164 1134 quam

155 1132 362 1207 temeritatis,
390 1131 511 1195 habuit.
556 1135 761 1213 Pugnaturos
789 1131 942 1193 adversus
963 1131 1090 1192 hostem
1110 1151 1164 1191 no·
1260 1145 1263 1150 ‘

115 1248 120 1255 ·
156 1233 242 1288 vum,
263 1232 463 1294 numeroque
483 1212 581 1293 longe
605 1211 816 1291 superiorem,
832 1212 927 1272 etiam
941 1210 1165 1291 desperatione

156 1311 280 1353 armare
312 1292 476 1359 voluerat,
509 1303 547 1350 ut
577 1288 641 1368 ¹9),
668 1291 843 1370 praecisam
874 1291 1003 1351 obiectu
1029 1288 1165 1350 {luminis

155 1372 267 1453 fugam
290 1369 475 1450 conspicati,
499 1388 627 1430 omnem
646 1369 754 1429 salutis
773 1389 864 1448 spem
886 1370 917 1428 in
939 1369 1075 1430 victoria
1101 1369 1166 1428 col-

152 1452 312 1513 locarent.
335 1450 562 1508 Thessalorum
576 1448 681 1524 etiarn,
694 1469 765 1507 nam
783 1449 830 1520 ²⁰)
844 1448 876 1507 id
889 1449 992 1511 robur
1007 1447 1166 1530 equitatus

158 1541 237 1607 erat,
258 1528 386 1588 insionis
407 1549 446 1588 eo
472 1528 523 1588 die
546 1548 646 1608 opera
667 1527 795 1595 exstitit.
840 1529 952 1612 Neque
975 1528 1075 1588 ceteri
1097 1525 1167 1588 olli-

157 1611 208 1672 cio
231 1631 289 1670 suo
315 1575 507 1684 del'uetunt,
526 1608 717 1690 praesertim
745 1607 887 1691 equites:
924 1629 996 1666 nam
1026 1606 1168 1689 equestri

136 1685 357 1773 ‘potissimum
377 1689 503 1768 proelio
524 1698 682 1748 transacta
701 1707 754 1748 res
776 1699 834 1763 est,
858 1686 983 1768 pedites
1001 1686 1167 1767 evestigio

158 1779 335 1832 cesserunt.
382 1771 534 1828 Ceterum
563 1766 744 1827 Alexander
784 1764 836 1844 ²¹)
867 1768 1039 1826 Persarum
1073 1765 1168 1825 etiam

158 1847 368 1910 nobilissimos
391 1849 577 1928 sepulturae
597 1846 748 1923 tradidit3
770 1857 803 1908 et
824 1857 985 1932 quotquot
1006 1866 1045 1906 ex
1066 1847 1167 1907 Grae·

158 1930 204 1992 eis
224 1927 428 1988 mercenariis
456 1926 600 1988 hostibus
629 1937 788 1988 merentes
810 1926 1010 1989 ceciderantt
1036 1926 1093 2010 qui
1114 1945 1167 1984 au-

158 2023 224 2072 tem
247 2029 360 2070 eorum
382 2007 447 2069 rivi
468 2008 499 2068 in
518 2017 712 2088 potestatem
729 2006 853 2068 redacti
872 2005 1011 2083 fuerant,
1032 2027 1087 2068 eos
1108 2024 1169 2086 per

158 2087 375 2152 Macedoniam
397 2088 430 2148 in
452 2087 609 2170 ergastula
635 2085 784 2147 distribui
804 2087 909 2158 iussit,
948 2087 1036 2169 quod
1057 2097 1169 2148 contra

161 2189 327 2232 commune
349 2168 549 2229 Graecorum
568 2167 735 2227 decretum
755 2188 815 2248 pro
836 2166 1046 2228 harbarorum
1068 2167 1169 2227 domi·

160 2251 287 2312 natione
309 2247 461 2309 adversus
482 2246 616 2328 patriam
645 2239 880 2328 pugnavissetit.
926 2245 1096 2306 Thebanos
1122 2256 1168 2304 ta·

160 2351 233 2392 men
255 2328 383 2404 dimisit,
404 2327 460 2409 qui
481 2326 584 2388 excisa
598 2324 691 2400 urbe,
712 2326 844 2385 ademtis
866 2325 961 2406 agris,
981 2325 1168 2384 necessitate

161 2411 262 2492 magis
284 2429 379 2489 quam
399 2417 514 2485 sponte
542 2415 747 2483 peccassent:
780 2404 842 2462 iam
864 2404 946 2462 enim
967 2414 1017 2465 tot
1038 2404 1169 2462 illorum

163 2485 392 2552 calamitatibus
408 2483 533 2563 expleta
551 2479 623 2538 odia
637 2481 876 2541 misericordiae
892 2483 999 2542 locum
1014 2481 1168 2542 fecerant.

162 2571 242 2628 Post
260 2567 340 2625 haec
364 2564 405 2622 de
434 2558 587 2620 manubiis
615 2570 778 2620 trecentos
805 2561 932 2642 clypeos
960 2561 1092 2644 selegit,
1112 2560 1205 2643 quii

163 2647 324 2708 Minervae
347 2640 532 2702 Atheniensi
553 2639 795 2715 dedicarentur,
832 2640 974 2739 superbo
1001 2661 1073 2702 cum
1093 2641 1168 2702 titu-

164 2730 196 2789 lo
224 2721 291 2800 ²²J:
321 2721 536 2784 Alexandrum
565 2719 707 2800 Philippi
738 2719 838 2779 lilium
864 2723 1093 2805 bratteasque,
1114 2741 1167 2781 ex·

165 2805 266 2890 ceptis
286 2800 566 2880 Lacedaemoniis,
597 2801 638 2861 de
668 2797 810 2860 barbaris
831 2800 937 2862 Asiam
956 2800 1168 2864 incolentibus

187 2937 366 2951 *ιιι-..οἱ

234 3033 267 3085 16
297 3030 402 3083 Arrlstn·
423 3036 447 3094 1,
465 3036 490 3094 ⁵,
510 3029 550 3085 1³·
569 3034 694 3102 POlJa'Aen·
714 3031 740 3100 4,
759 3046 784 3100 s,
804 3038 846 3092 10·

235 3108 264 3158 ¹7
296 3101 418 3168 Polydien·
438 3098 463 3164 4,
482 3116 507 3164 a,
527 3109 553 3157 a·

234 3171 265 3221 18
293 3169 404 3220 Diodor.
429 3176 470 3232 17,
488 3175 531 3225 21·

231 3237 273 3306 rq)
290 3237 403 3288 Diodor·
425 3245 466 3302 17,
485 3238 528 3288 ²3·

232 3305 278 3374 ao)
293 3306 382 3356 Livius
400 3319 426 3369 9,
447 3313 487 3369 19,
507 3304 532 3370 ⁴.
551 3304 663 3356 Diodor.
685 3302 892 3370 162417221·

298 3375 403 3424 Arriani.
424 3382 448 3437 1,
468 3375 494 3438 5,
514 3381 555 3430 alt.
572 3373 706 3424 Plutarch.
722 3373 901 3442 apophthegg.
921 3390 945 3424 c.
958 3373 999 3438 40·

235 3375 281 3512 :di
300 3443 405 3497 Arrian.
429 3459 450 3506 t,
472 3454 495 3505 5,
515 3444 557 3496 3ο.
577 3441 712 3493 Plutarch.
732 3459 756 3493 c.
774 3442 815 3492 26.
914 3508 965 3566 ὅ*
