2660 3864
388 378 503 430 suern.
521 340 558 427 in
577 377 611 445 Q.
633 345 793 432 cunrruu
811 381 842 428 ι.
861 379 894 429 n.
1098 345 1145 438 nn

137 523 235 584 muris
261 523 306 601 ⁵),
339 525 394 608 qui
415 527 509 608 pulsu
537 523 753 586 machinarum
777 539 974 594 corruerant,
999 546 1147 606 reparan-

138 603 185 664 dis
210 605 440 682 occupabatur,
475 605 617 666 'landem
639 605 742 666 nerins
764 605 861 667 adnisi
876 607 1069 666 Macedones
1089 607 1147 668 hc·

137 697 219 744 stem
240 684 322 744 intra
342 686 466 746 moenia
488 685 686 767 redegerunt
707 682 757 762 ⁶),
789 697 916 746 centum
948 679 1146 767 septuaginta
1202 703 1204 708 ·

137 763 328 839 interiectis,
349 764 434 825 inter
447 785 528 849 quos
544 776 577 824 et
591 765 834 846 Neoptolemus,
851 767 906 858 qui
922 785 994 825 cum
1015 767 1146 844 dmynts

136 841 238 904 fratre
264 843 303 902 ad
324 845 459 910 Darium
492 843 701 926 perfugerat,
729 844 892 913 occubult,
935 845 1147 906 Macedonum

137 942 200 983 non
221 923 351 1006 quidem
373 925 456 984 ultra
476 922 616 990 sedecim
636 924 802 1005 perierunt
809 947 819 1002 3
844 924 902 987 sed
924 925 1061 985 trecenti
1082 925 1146 985 fer·
1239 947 1241 955 ⁴

137 1023 189 1063 me
212 1003 370 1064 vulnerati
391 1015 473 1080 sunt,
495 1004 569 1087 quia
590 1016 746 1076 nocturna
768 1025 874 1086 pugna
898 1004 1022 1077 fuerat,
1040 1023 1147 1086 neque

139 1081 291 1151 adversus
320 1103 432 1145 caecos
458 1084 540 1146 ictns
565 1094 597 1143 et
615 1082 785 1147 incidentia
810 1095 934 1157 temere
964 1083 1026 1144 tela
1055 1083 1146 1166 quid·

138 1183 233 1300 auam
255 1162 329 1222 satis
350 1164 517 1244 provideri
538 1174 697 1244 potuerat,
718 1165 798 1225 Post
821 1162 852 1237 ⁷)
887 1163 1009 1246 aliquot
1031 1163 1146 1224 deinde

161 1242 206 1300 ies
227 1241 307 1303 levis
330 1254 362 1303 et
383 1244 506 1308 ludicra
527 1263 580 1302 res
596 1242 717 1322 ingenti
729 1243 894 1304 certamini
909 1263 1034 1302 causam
1055 1263 1147 1324 prae·

136 1319 217 1395 buit,
240 1333 311 1382 orto
333 1322 422 1383 initio
446 1345 462 1382 a
484 1321 611 1386 duobus
632 1321 793 1385 veteranis
817 1343 856 1382 ex
886 1320 1060 1382 Perdiccae
1091 1344 1142 1400 ag·

137 1399 235 1468 mine.
279 1401 305 1471 Ii
334 1400 578 1468 contubernales
607 1419 680 1460 cnm
711 1413 817 1463 essent
843 1397 873 1480 δὴ
905 1421 1032 1481 unaque
1053 1404 1147 1482 genio

136 1479 358 1551 indulsissent,
388 1493 423 1541 ut
448 1479 483 1541 lit
504 1483 588 1542 inter
612 1499 776 1540 sermones
797 1479 981 1568 familiares,
1002 1479 1149 1543 iactantia
1215 1502 1219 1508 ·

137 1559 268 1619 militari
289 1579 346 1619 sno
370 1559 465 1621 fortia
489 1561 574 1621 lecta
598 1559 732 1618 vicissim
760 1561 968 1634 extollentes,
1000 1559 1149 1622 altercari

139 1657 199 1698 coe
224 1650 326 1715 erant,
347 1651 420 1700 uter
444 1641 535 1704 alteri
557 1639 792 1716 anteferretur3
825 1660 897 1700 cum
917 1639 998 1698 alter
1025 1659 1148 1714 eorum,

138 1660 220 1800 quii
238 1718 320 1782 inani
339 1719 474 1800 strepitu
499 1719 671 1787 verborum
696 1717 863 1780 foedamus
894 1699 1184 1783 honestissimemll

138 1796 402 1864 contentionem?
422 1795 580 1882 inquit9t.
603 1800 679 1872 ¹Non
702 1798 753 1862 cui
777 1799 896 1878 lingua,
917 1797 974 1856 sed
997 1798 1149 1876 cui,dex·

138 1889 188 1935 tra
210 1877 249 1935 sit
273 1878 398 1955 melior,
418 1879 482 1940 hoc
508 1879 621 1960 agitur.
664 1879 708 1937 Et
741 1877 831 1938 adest
859 1876 1008 1946 occasio:
1031 1898 1068 1937 ea
1092 1900 1149 1959 op·

139 1955 217 2020 time
240 1956 280 2018 de
301 1959 528 2027 controversiis
549 1957 667 2022 nostnis
691 1957 853 2027 indicabit.
878 1959 958 2039 Age,
983 1957 1010 2017 si
1037 1957 1083 2022 vir
1104 1979 1149 2032 es,

140 2049 310 2098 exeuntem
333 2059 483 2122 sequere.
506 2039 589 2099 Vino
612 2039 659 2116 ¹⁰)
689 2050 723 2099 et
744 2037 914 2098 ambitione
935 2037 1149 2114 incaluerant3

138 2116 246 2198 itaque
267 2117 393 2206 privato
416 2119 548 2180 consilio
571 2143 656 2182 arma
673 2119 811 2199 capiunt,
833 2117 874 2179 et'
886 2118 924 2178 ad
939 2138 1048 2178 muros
1063 2118 1150 2188 iuxta

140 2214 258 2271 arcem,
280 2219 362 2280 quae
382 2200 524 2278 Mylassis
548 2201 684 2268 obversa
712 2210 771 2272 est,
792 2208 977 2272 excurrunt.
1023 2199 1150 2258 Horum

139 2277 320 2338 temeritate
341 2279 577 2352 animadversa,
611 2281 715 2341 statim
745 2298 785 2346 ex
813 2277 933 2357 oppido
956 2274 1071 2355 globus
1093 2276 1150 2338 ho·

140 2353 235 2420 stium
257 2356 446 2430 effunditur.
490 2360 541 2416 llli
571 2359 696 2430 licmato
727 2357 828 2434 gradu
855 2367 1017 2418 certamen
1040 2375 1150 2415 conse·

77 2452 84 2468 ·
139 2437 388 2517 1·nnt,pr01ins
416 2436 615 2507 incurrentes
665 2434 754 2498 lediis
783 2434 961 2513 excipiunt,
995 2432 1026 2507 in
1060 2454 1150 2494 rece-

140 2511 252 2574 dentes
279 2458 343 2574 teia
372 2513 554 2580 coniiciunt.
596 2459 664 2576 sei
689 2513 842 2572 adversus
873 2512 1009 2587 accitos,
1045 2525 1079 2573 et
1111 2533 1151 2574 ex

140 2594 310 2672 superiore
332 2593 405 2664 loco
428 2593 628 2668 dimicantes,
650 2591 735 2664 hand
758 2591 812 2662 din
833 2591 986 2671 impunita
1012 2592 1149 2665 dnorum

100 2683 103 2697 ¹
141 2671 272 2730 andacia
294 2670 426 2748 l'uissct3
448 2673 517 2747 nisi,
535 2685 709 2754 corispecto
725 2672 868 2751 ipsorum
883 2669 1040 2751 periculo,
1063 2693 1149 2734 com-

140 2748 318 2817 militonum
338 2752 431 2833 pauci
452 2754 574 2834 primo,
597 2752 711 2816 deinde
738 2750 789 2810 elii
814 2763 909 2832 atque
932 2749 983 2808 alii
1005 2751 1149 2814 loboran-

140 2829 227 2902 tibus
249 2830 489 2916 subycnissent:
519 2833 635 2914 eodem
655 2831 753 2911 modo
776 2843 807 2909 et
828 2829 992 2916 oppidanis
1014 2832 1149 2909 subinde

258 3185 364 3237 Arcton.
387 3199 408 3250 t,
429 3198 453 3255 7,
471 3189 496 3242 9.

259 3251 405 3314 Arriani,
425 3266 451 3316 7,
473 3255 510 3319 13,

256 3319 369 3371 Diodor.
390 3321 492 3384 1325.

193 3468 219 3506 ιο
251 3456 355 3507 Arrian.
376 3470 401 3522 t,
421 3471 445 3522 7,
467 3471 504 3510 ιο.
554 3509 562 3512 .
