2660 3864
382 344 499 398 SUPPL.
516 341 554 396 ΙΝ
570 343 605 408 Q.
624 343 783 402 eunucu
799 343 829 395 L.
848 342 882 398 ll.
1084 367 1086 372 ¹
1103 347 1137 402 95

130 449 382 586 dersPbilotam
404 507 476 552 enm
498 491 641 576 equitatu
662 503 695 554 et
714 469 816 556 tribus
837 492 982 574 pediturn
996 490 1137 556 cohorti·

129 573 190 634 bus
205 573 257 654 sd·
271 573 415 651 Mycalen
428 584 569 634 montem
590 573 696 647 mittit,
710 572 768 635 ubi
786 573 989 636 Persicorum
1010 573 1138 634 navium

119 652 223 714 (statio
245 662 326 729 erat,
346 663 382 712 ut
405 651 601 716 exscendere
617 653 761 714 volentes
782 663 1013 730 summoveret,
1032 673 1137 734 neque

130 733 240 814 aquari
260 730 414 813 lignarive
436 743 490 792 aut
517 743 626 792 cetera
652 732 831 795 necessaria
860 753 878 799 e
907 744 995 794 terra
1023 744 1138 813 petere
1191 783 1196 796 .

129 811 344 893 permitteret.
383 813 431 870 Ea
459 831 512 872 res
542 803 696 872 barbaros
732 811 764 872 in
798 812 946 874 maximas
980 813 1139 896 angustias

130 891 287 952 coniecit:
315 889 451 951 obsessis
482 891 599 952 similes
625 885 802 952 haerebant
829 891 861 952 in
889 903 1012 986 portu,
1032 911 1139 974 neque

131 982 251 1034 terram
271 969 326 1030 ubi
348 966 497 1032 volebant
512 987 629 1051 capere
652 983 707 1031 aut
726 971 913 1032 necessariis
924 971 1022 1032 rebus
1043 971 1139 1034 refici

130 1061 289 1130 poterant.
311 1053 421 1134 ltaque
435 1048 566 1113 consilio
587 1045 695 1114 habito
712 1051 841 1112 Samum
859 1063 1046 1114 averterunt
1067 1072 1139 1114 cur-

131 1149 218 1206 sum,
246 1130 412 1213 petitoque
440 1130 515 1191 inde
548 1144 727 1192 commeatu
748 1131 892 1193 Miletum
921 1130 1046 1193 revecti
1066 1143 1140 1196 ante
1206 1161 1209 1168 ·

132 1209 249 1270 ostium
268 1222 382 1292 portus
412 1210 568 1271 instructa
597 1211 665 1272 acie
687 1212 908 1277 constiterunt.
952 1214 1040 1272 Inter
1059 1207 1144 1272 baec
1200 1259 1202 1265 .

132 1289 273 1372 quinque
305 1291 478 1352 Persarum
500 1309 597 1352 neves
624 1290 657 1350 in
680 1299 778 1371 portu
801 1290 957 1372 quodam,
980 1291 1035 1373 qui
1055 1289 1143 1355 inter

131 1388 263 1451 parvam
289 1368 374 1430 illam
405 1368 558 1445 insulam,
592 1368 632 1430 de
663 1391 726 1452 qua
746 1391 842 1450 supra
865 1369 983 1430 dictum
1014 1381 1078 1444 cst,
1107 1382 1142 1430 et

132 1447 301 1511 stationem
321 1447 545 1509 Macedonicae
571 1449 678 1510 classis
702 1449 826 1510 medius
848 1462 928 1525 erat,
960 1449 1058 1508 multa
1084 1448 1142 1510 bo·

132 1528 228 1590 stium
249 1528 375 1610 navigia
401 1528 597 1622 conspicati,
627 1529 730 1610 plenis
756 1530 835 1591 velis
863 1549 903 1590 eo
932 1519 1143 1594 ferebanmrt

132 1629 204 1670 nam
230 1607 397 1668 maximam
430 1628 592 1670 sociorum
616 1610 777 1670 natalium
805 1620 930 1690 partem
958 1608 1000 1669 ob
1034 1606 1142 1670 varios

131 1709 207 1749 usus
234 1689 346 1748 abesse
377 1687 595 1765 coniecerant,
630 1709 798 1750 vacuarum
822 1709 864 1750 ue
898 1689 1024 1749 navium
1056 1687 1143 1750 haud
1201 1753 1202 1758 ,

133 1765 298 1828 difficilem
324 1768 571 1848 occupationem
589 1767 664 1830 fore
686 1711 929 1830 arbitrabantur.
951 1771 994 1829 At
1015 1788 1072 1830 rex
1092 1767 1143 1846 iis,

133 1846 189 1930 qui
213 1846 355 1924 aderant,
378 1847 530 1908 celeriter
550 1847 711 1909 indecem
731 1848 879 1910 triremes
899 1847 1068 1928 impositis,
1087 1846 1144 1910 ob-

134 1925 217 1988 viam
237 1925 286 1987 ire
306 1924 452 1990 hostibus
473 1926 575 1992 iubet.
615 1928 664 1988 llli
681 1941 750 1990 tum
772 1947 906 1990 numero
929 1927 1055 1990 navium
1074 1939 1144 1990 tum

134 2006 295 2088 inopinata
315 2027 353 2068 re
374 2007 552 2102 perterriti,
573 2028 645 2070 cum
667 2009 753 2070 ultro
775 2028 811 2070 se
828 2008 897 2091 peti
920 2008 1144 2092 conspicerent

136 2085 175 2146 ab
201 2086 249 2163 iis,
271 2109 352 2170 quos
374 2101 547 2170 imparatos
563 2089 751 2172 oppressuri
772 2100 935 2166 venerant,
958 2101 1050 2172 terga
1073 2109 1145 2150 ver·

136 2177 221 2230 tunt:
238 2189 303 2230 una
317 2179 423 2229 tamen
436 2169 536 2246 navis,
549 2189 631 2252 quae
647 2170 759 2230 Iassios
778 2168 931 2248 vehebat,
947 2167 1145 2308 dgprehcnsa

136 2257 203 2321 est3
225 2259 352 2310 ceterae
382 2248 561 2312 velociores
595 2250 635 2310 ad
670 2271 766 2310 suam·
788 2249 922 2310 classem
947 2269 966 2310 e
994 2259 1144 2328 ugerunt.

138 2328 184 2388 lta
205 2327 294 2390 nullo
317 2348 441 2404 eorum,
463 2349 545 2411 quae
566 2329 774 2402 intenderant,
797 2325 926 2401 effecto,
952 2327 1061 2388 Mileto
1083 2325 1145 2386 dis·

138 2427 262 2467 cessum
282 2418 341 2472 est.
382 2407 567 2468 Alexander
598 2406 629 2479 2)
653 2427 732 2468 eum
760 2427 849 2466 suam
879 2406 1014 2466 classem
1038 2424 1145 2488 neque

137 2485 243 2548 hostili
259 2505 381 2568 'parem
408 2496 442 2546 et
466 2485 507 2546 ad
536 2483 614 2547 alios
642 2505 717 2546 usus
748 2503 978 2566 supervacuam
997 2482 1057 2544 sibi
1077 2503 1146 2545 cere

135 2578 242 2640 neret,
261 2565 418 2646 multique
441 2575 474 2626 et
501 2585 615 2646 graves
642 2563 683 2625 ad
708 2585 778 2626 eam
800 2576 922 2625 sumtus
942 2564 1146 2648 requireren-

137 2657 202 2719 tur,
224 2643 387 2704 dimittere
409 2665 478 2706 eam
497 2645 617 2724 statuit,
637 2644 746 2728 paucis
763 2645 890 2708 navium
911 2644 1056 2723 retentis,
1077 2644 1146 2729 qui·

137 2723 198 2784 bus
216 2723 257 2784 ad
282 2722 463 2787 obsidiones
485 2725 613 2786 urbium
640 2724 804 2787 machinae
827 2735 1049 2809 tormentaque
1070 2745 1146 2807 por·

137 2815 294 2868 tarentur.
334 2804 536 2867 Dissuaserat
566 2805 645 2866 illud
677 2805 866 2882 Parmenio,
904 2816 1146 2888 monueratque,

137 2895 176 2944 ut
196 2883 298 2944 navali
318 2887 443 2966 proelio
465 2887 723 2948 contenderetur.
757 2885 983 2949 Macedonibus
1005 2884 1037 2959 ³)
1063 2885 1147 2948 enim

144 2963 320 3027 victoribus
340 2985 490 3049 magnum
517 2965 557 3027 ad
585 2979 692 3029 cetera
724 2967 975 3028 emolumentum
1001 2984 1146 3028 secessu·

142 3067 215 3108 rum
240 3064 329 3106 esse:
354 3059 386 3108 at
416 3047 519 3109 victos
548 3046 626 3106 nibil
646 3067 721 3108 sane
745 3046 937 3124 amissuros,
953 3066 1025 3107 nam
1047 3046 1157 3127 impe·-

141 3129 228 3190 rium
249 3126 345 3188 maris
366 3127 427 3190 iam
448 3138 518 3188 tum
538 3146 608 3190 esse
629 3148 728 3210 penes
751 3129 882 3204 Persas3
909 3137 945 3189 et
968 3126 1076 3192 littora
1101 3125 1147 3188 fa,

146 3281 334 3302 μ--σ

211 3374 239 3442 a)
259 3373 373 3426 Diodor.
393 3384 429 3436 17,
446 3381 488 3434 ²3·
507 3369 612 3426 Arriae.
630 3387 649 3438 1,
669 3369 695 3432 6,
715 3370 749 3421 31.
804 3381 812 3390 ’

209 3443 235 3514 3)
254 3444 359 3496 Arriam
379 3455 398 3504 1,
416 3439 443 3504 6,
462 3443 498 3497 16.
515 3483 520 3508 ,
