<?xml version="1.0" encoding="UTF-8"?>
<!DOCTYPE html PUBLIC "-//W3C//DTD XHTML 1.0 Transitional//EN"
    "http://www.w3.org/TR/xhtml1/DTD/xhtml1-transitional.dtd">
<html xmlns="http://www.w3.org/1999/xhtml" xml:lang="en" lang="en">
 <head>
  <title>
</title>
<meta http-equiv="Content-Type" content="text/html;charset=utf-8" />
  <meta name='ocr-system' content='tesseract 3.04.00' />
  <meta name='ocr-capabilities' content='ocr_page ocr_carea ocr_par ocr_line ocrx_word'/>
</head>
<body>
  <div class='ocr_page' id='page_1' title='image "./degestisalexand01baumgoog_0179.png"; bbox 0 0 2660 3864; ppageno 0'>
   <div class='ocr_carea' id='block_1_1' title="bbox 396 397 1145 468">
    <p class='ocr_par' dir='ltr' id='par_1_1' title="bbox 396 397 1145 468">
     <span class='ocr_line' id='line_1_1' title="bbox 396 397 1145 468; baseline 0.004 -16"><span class='ocrx_word' id='word_1_1' title='bbox 396 405 511 454; x_wconf 89' lang='lat' dir='ltr'><strong>SUPPL.</strong></span> <span class='ocrx_word' id='word_1_2' title='bbox 530 403 565 451; x_wconf 82' lang='grc' dir='ltr'><strong>ΙΝ</strong></span> <span class='ocrx_word' id='word_1_3' title='bbox 587 403 621 468; x_wconf 80' lang='lat' dir='ltr'><strong>Q.</strong></span> <span class='ocrx_word' id='word_1_4' title='bbox 638 397 793 450; x_wconf 85' lang='lat' dir='ltr'><strong>CUllTlUM</strong></span> <span class='ocrx_word' id='word_1_5' title='bbox 813 400 842 450; x_wconf 83' lang='lat' dir='ltr'><strong>L.</strong></span> <span class='ocrx_word' id='word_1_6' title='bbox 862 401 896 448; x_wconf 90' lang='lat' dir='ltr'><strong>ll.</strong></span> <span class='ocrx_word' id='word_1_7' title='bbox 1097 406 1145 456; x_wconf 65' lang='lat' dir='ltr'><strong>llo</strong></span> 
     </span>
    </p>
   </div>
   <div class='ocr_carea' id='block_1_2' title="bbox 146 545 1205 3104">
    <p class='ocr_par' dir='ltr' id='par_1_2' title="bbox 146 545 1205 3104">
     <span class='ocr_line' id='line_1_2' title="bbox 147 545 1146 632; baseline -0.002 -23"><span class='ocrx_word' id='word_1_8' title='bbox 147 569 337 632; x_wconf 81' lang='lat' dir='ltr'><strong>quamquam</strong></span> <span class='ocrx_word' id='word_1_9' title='bbox 363 545 504 610; x_wconf 83' lang='lat' dir='ltr'><strong>eiusdem</strong></span> <span class='ocrx_word' id='word_1_10' title='bbox 537 545 670 608; x_wconf 89' lang='lat' dir='ltr'><strong>nationis</strong></span> <span class='ocrx_word' id='word_1_11' title='bbox 696 558 816 622; x_wconf 85' lang='lat' dir='ltr'><strong>essent,</strong></span> <span class='ocrx_word' id='word_1_12' title='bbox 856 545 1022 606; x_wconf 75' lang='lat' dir='ltr'><strong>amicitiam</strong></span> <span class='ocrx_word' id='word_1_13' title='bbox 1051 557 1146 630; x_wconf 79' lang='lat' dir='ltr'><strong>atque</strong></span> 
     </span>
     <span class='ocr_line' id='line_1_3' title="bbox 148 627 1147 710; baseline -0.004 -20"><span class='ocrx_word' id='word_1_14' title='bbox 148 629 261 690; x_wconf 84' lang='lat' dir='ltr'><strong>auxilia</strong></span> <span class='ocrx_word' id='word_1_15' title='bbox 283 627 462 690; x_wconf 75' lang='lat' dir='ltr'><strong>offerebant</strong></span> <span class='ocrx_word' id='word_1_16' title='bbox 482 629 563 710; x_wconf 77' lang='lat' dir='ltr'><strong>regi.</strong></span> <span class='ocrx_word' id='word_1_17' title='bbox 612 627 739 709; x_wconf 77' lang='lat' dir='ltr'><strong>Quibus</strong></span> <span class='ocrx_word' id='word_1_18' title='bbox 765 627 965 708; x_wconf 78' lang='lat' dir='ltr'><strong>perbenigne</strong></span> <span class='ocrx_word' id='word_1_19' title='bbox 994 627 1147 706; x_wconf 82' lang='lat' dir='ltr'><strong>exceptis,</strong></span> 
     </span>
     <span class='ocr_line' id='line_1_4' title="bbox 146 705 1148 788; baseline -0.002 -20"><span class='ocrx_word' id='word_1_20' title='bbox 146 731 186 769; x_wconf 89' lang='lat' dir='ltr'><strong>ne</strong></span> <span class='ocrx_word' id='word_1_21' title='bbox 209 709 241 768; x_wconf 74' lang='lat' dir='ltr'><strong>in&#39;</strong></span> <span class='ocrx_word' id='word_1_22' title='bbox 262 708 426 770; x_wconf 79' lang='lat' dir='ltr'><strong>obsidione</strong></span> <span class='ocrx_word' id='word_1_23' title='bbox 445 709 537 768; x_wconf 88' lang='lat' dir='ltr'><strong>unius</strong></span> <span class='ocrx_word' id='word_1_24' title='bbox 558 708 645 768; x_wconf 87' lang='lat' dir='ltr'><strong>urbis</strong></span> <span class='ocrx_word' id='word_1_25' title='bbox 658 709 783 788; x_wconf 85' lang='lat' dir='ltr'><strong>tenipus</strong></span> <span class='ocrx_word' id='word_1_26' title='bbox 797 718 929 782; x_wconf 88' lang='lat' dir='ltr'><strong>tereret,</strong></span> <span class='ocrx_word' id='word_1_27' title='bbox 952 705 1148 783; x_wconf 73' lang='lat' dir='ltr'><strong>Sagalassum</strong></span> 
     </span>
     <span class='ocr_line' id='line_1_5' title="bbox 150 784 1146 863; baseline -0.003 -13"><span class='ocrx_word' id='word_1_28' title='bbox 150 801 254 850; x_wconf 84' lang='lat' dir='ltr'><strong>castra</strong></span> <span class='ocrx_word' id='word_1_29' title='bbox 272 789 375 849; x_wconf 86' lang='lat' dir='ltr'><strong>movit</strong></span> <span class='ocrx_word' id='word_1_30' title='bbox 403 785 455 863; x_wconf 74' lang='lat'><strong>⁷),</strong></span> <span class='ocrx_word' id='word_1_31' title='bbox 485 787 617 848; x_wconf 87' lang='lat' dir='ltr'><strong>validam</strong></span> <span class='ocrx_word' id='word_1_32' title='bbox 635 787 748 846; x_wconf 85' lang='lat' dir='ltr'><strong>urbem</strong></span> <span class='ocrx_word' id='word_1_33' title='bbox 782 798 814 845; x_wconf 90' lang='lat' dir='ltr'><strong>et</strong></span> <span class='ocrx_word' id='word_1_34' title='bbox 850 787 1022 846; x_wconf 85' lang='lat' dir='ltr'><strong>inventutis</strong></span> <span class='ocrx_word' id='word_1_35' title='bbox 1051 784 1146 847; x_wconf 90' lang='lat' dir='ltr'><strong>robo&#39;·</strong></span> 
     </span>
     <span class='ocr_line' id='line_1_6' title="bbox 146 865 1149 942; baseline -0.002 -14"><span class='ocrx_word' id='word_1_36' title='bbox 146 890 183 928; x_wconf 88' lang='lat' dir='ltr'><strong>re</strong></span> <span class='ocrx_word' id='word_1_37' title='bbox 205 867 369 928; x_wconf 87' lang='lat' dir='ltr'><strong>lirmatam.</strong></span> <span class='ocrx_word' id='word_1_38' title='bbox 412 871 491 928; x_wconf 85' lang='lat' dir='ltr'><strong>Cum</strong></span> <span class='ocrx_word' id='word_1_39' title='bbox 512 869 594 929; x_wconf 91' lang='lat' dir='ltr'><strong>enim</strong></span> <span class='ocrx_word' id='word_1_40' title='bbox 616 884 723 926; x_wconf 88' lang='lat' dir='ltr'><strong>omnes</strong></span> <span class='ocrx_word' id='word_1_41' title='bbox 752 865 878 926; x_wconf 82' lang='lat' dir='ltr'><strong>Pisidae</strong></span> <span class='ocrx_word' id='word_1_42' title='bbox 905 866 1049 927; x_wconf 83' lang='lat' dir='ltr'><strong>bellicosi</strong></span> <span class='ocrx_word' id='word_1_43' title='bbox 1077 867 1149 942; x_wconf 84' lang='lat' dir='ltr'><strong>sint,</strong></span> 
     </span>
     <span class='ocr_line' id='line_1_7' title="bbox 148 946 1149 1041; baseline -0.002 -33"><span class='ocrx_word' id='word_1_44' title='bbox 148 949 385 1029; x_wconf 83' lang='lat' dir='ltr'><strong>Sagalassenses</strong></span> <span class='ocrx_word' id='word_1_45' title='bbox 405 969 483 1041; x_wconf 87' lang='lat' dir='ltr'><strong>prae</strong></span> <span class='ocrx_word' id='word_1_46' title='bbox 505 948 621 1009; x_wconf 88' lang='lat' dir='ltr'><strong>ceteris</strong></span> <span class='ocrx_word' id='word_1_47' title='bbox 641 966 803 1028; x_wconf 79' lang='lat' dir='ltr'><strong>pugnaces</strong></span> <span class='ocrx_word' id='word_1_48' title='bbox 823 946 988 1006; x_wconf 90' lang='lat' dir='ltr'><strong>habentur.</strong></span> <span class='ocrx_word' id='word_1_49' title='bbox 1019 946 1054 1021; x_wconf 88' lang='lat' dir='ltr'><strong>li,</strong></span> <span class='ocrx_word' id='word_1_50' title='bbox 1076 965 1149 1006; x_wconf 91' lang='lat' dir='ltr'><strong>cum</strong></span> 
     </span>
     <span class='ocr_line' id='line_1_8' title="bbox 149 1026 1148 1107; baseline -0.004 -18"><span class='ocrx_word' id='word_1_51' title='bbox 149 1029 245 1089; x_wconf 89' lang='lat' dir='ltr'><strong>etiam</strong></span> <span class='ocrx_word' id='word_1_52' title='bbox 267 1048 284 1084; x_wconf 88' lang='lat' dir='ltr'><strong>a</strong></span> <span class='ocrx_word' id='word_1_53' title='bbox 310 1029 468 1088; x_wconf 82' lang='lat' dir='ltr'><strong>‘l&#39;elmrsso</strong></span> <span class='ocrx_word' id='word_1_54' title='bbox 496 1027 680 1089; x_wconf 75' lang='lat' dir='ltr'><strong>foederatae</strong></span> <span class='ocrx_word' id='word_1_55' title='bbox 708 1027 813 1087; x_wconf 88' lang='lat' dir='ltr'><strong>sociae</strong></span> <span class='ocrx_word' id='word_1_56' title='bbox 839 1047 877 1086; x_wconf 91' lang='lat' dir='ltr'><strong>ue</strong></span> <span class='ocrx_word' id='word_1_57' title='bbox 906 1027 1018 1107; x_wconf 91' lang='lat' dir='ltr'><strong>copiae</strong></span> <span class='ocrx_word' id='word_1_58' title='bbox 1048 1026 1148 1086; x_wconf 87' lang='lat' dir='ltr'><strong>venis-</strong></span> 
     </span>
     <span class='ocr_line' id='line_1_9' title="bbox 149 1048 1148 1190; baseline -0.002 -22"><span class='ocrx_word' id='word_1_59' title='bbox 149 1119 231 1184; x_wconf 89' lang='lat' dir='ltr'><strong>sent,</strong></span> <span class='ocrx_word' id='word_1_60' title='bbox 252 1106 327 1167; x_wconf 87' lang='lat' dir='ltr'><strong>viris</strong></span> <span class='ocrx_word' id='word_1_61' title='bbox 348 1109 445 1190; x_wconf 80' lang='lat' dir='ltr'><strong>magis</strong></span> <span class='ocrx_word' id='word_1_62' title='bbox 460 1129 556 1190; x_wconf 80' lang='lat' dir='ltr'><strong>quam</strong></span> <span class='ocrx_word' id='word_1_63' title='bbox 570 1105 734 1167; x_wconf 90' lang='lat' dir='ltr'><strong>moenibus</strong></span> <span class='ocrx_word' id='word_1_64' title='bbox 755 1048 874 1179; x_wconf 88' lang='lat' dir='ltr'><strong>conlisi,</strong></span> <span class='ocrx_word' id='word_1_65' title='bbox 898 1107 929 1167; x_wconf 94' lang='lat' dir='ltr'><strong>in</strong></span> <span class='ocrx_word' id='word_1_66' title='bbox 948 1107 1049 1168; x_wconf 88' lang='lat' dir='ltr'><strong>vicino</strong></span> <span class='ocrx_word' id='word_1_67' title='bbox 1064 1107 1148 1168; x_wconf 84' lang='lat' dir='ltr'><strong>colle</strong></span> 
     </span>
     <span class='ocr_line' id='line_1_10' title="bbox 148 1186 1205 1264; baseline -0.001 -17"><span class='ocrx_word' id='word_1_68' title='bbox 148 1190 361 1248; x_wconf 83' lang='lat' dir='ltr'><strong>instruxerant</strong></span> <span class='ocrx_word' id='word_1_69' title='bbox 383 1189 494 1262; x_wconf 80' lang='lat' dir='ltr'><strong>aciem,</strong></span> <span class='ocrx_word' id='word_1_70' title='bbox 516 1198 549 1246; x_wconf 88' lang='lat' dir='ltr'><strong>et</strong></span> <span class='ocrx_word' id='word_1_71' title='bbox 570 1187 759 1264; x_wconf 88' lang='lat' dir='ltr'><strong>praemissos</strong></span> <span class='ocrx_word' id='word_1_72' title='bbox 781 1187 818 1246; x_wconf 90' lang='lat' dir='ltr'><strong>ab</strong></span> <span class='ocrx_word' id='word_1_73' title='bbox 835 1187 1013 1248; x_wconf 80' lang='lat' dir='ltr'><strong>Alexandro</strong></span> <span class='ocrx_word' id='word_1_74' title='bbox 1035 1186 1147 1246; x_wconf 85' lang='lat' dir='ltr'><strong>velites</strong></span> <span class='ocrx_word' id='word_1_75' title='bbox 1201 1223 1205 1231; x_wconf 34' lang='grc' dir='ltr'><strong>κ</strong></span> 
     </span>
     <span class='ocr_line' id='line_1_11' title="bbox 149 1263 1149 1348; baseline -0.003 -20"><span class='ocrx_word' id='word_1_76' title='bbox 149 1289 191 1348; x_wconf 92' lang='lat' dir='ltr'><strong>op</strong></span> <span class='ocrx_word' id='word_1_77' title='bbox 216 1267 392 1328; x_wconf 79' lang='lat' dir='ltr'><strong>emunitate</strong></span> <span class='ocrx_word' id='word_1_78' title='bbox 408 1266 473 1326; x_wconf 91' lang='lat' dir='ltr'><strong>leci</strong></span> <span class='ocrx_word' id='word_1_79' title='bbox 495 1265 592 1323; x_wconf 90' lang='lat' dir='ltr'><strong>adiuti</strong></span> <span class='ocrx_word' id='word_1_80' title='bbox 613 1263 813 1342; x_wconf 80' lang='lat' dir='ltr'><strong>repulerant:</strong></span> <span class='ocrx_word' id='word_1_81' title='bbox 841 1266 897 1326; x_wconf 89' lang='lat' dir='ltr'><strong>sed</strong></span> <span class='ocrx_word' id='word_1_82' title='bbox 921 1267 1052 1346; x_wconf 83' lang='lat' dir='ltr'><strong>Agriani</strong></span> <span class='ocrx_word' id='word_1_83' title='bbox 1071 1265 1149 1325; x_wconf 80' lang='lat' dir='ltr'><strong>resi·</strong></span> 
     </span>
     <span class='ocr_line' id='line_1_12' title="bbox 149 1289 1148 1428; baseline -0.005 -19"><span class='ocrx_word' id='word_1_84' title='bbox 149 1289 291 1417; x_wconf 77' lang='lat' dir='ltr'><strong>stebant,</strong></span> <span class='ocrx_word' id='word_1_85' title='bbox 314 1349 387 1428; x_wconf 82' lang='lat' dir='ltr'><strong>quis</strong></span> <span class='ocrx_word' id='word_1_86' title='bbox 407 1344 589 1426; x_wconf 86' lang='lat' dir='ltr'><strong>proqinqua</strong></span> <span class='ocrx_word' id='word_1_87' title='bbox 618 1344 680 1408; x_wconf 83' lang='lat' dir='ltr'><strong>iam</strong></span> <span class='ocrx_word' id='word_1_88' title='bbox 710 1344 916 1406; x_wconf 87' lang='lat' dir='ltr'><strong>Macedonum</strong></span> <span class='ocrx_word' id='word_1_89' title='bbox 946 1345 1079 1426; x_wconf 82' lang='lat' dir='ltr'><strong>phalanx</strong></span> <span class='ocrx_word' id='word_1_90' title='bbox 1114 1356 1148 1404; x_wconf 85' lang='lat' dir='ltr'><strong>ct</strong></span> 
     </span>
     <span class='ocr_line' id='line_1_13' title="bbox 149 1423 1150 1506; baseline -0.003 -19"><span class='ocrx_word' id='word_1_91' title='bbox 149 1438 222 1488; x_wconf 84' lang='lat' dir='ltr'><strong>ante</strong></span> <span class='ocrx_word' id='word_1_92' title='bbox 243 1425 345 1506; x_wconf 90' lang='lat' dir='ltr'><strong>prima</strong></span> <span class='ocrx_word' id='word_1_93' title='bbox 371 1423 461 1502; x_wconf 79' lang='lat' dir='ltr'><strong>signa</strong></span> <span class='ocrx_word' id='word_1_94' title='bbox 486 1433 544 1482; x_wconf 87' lang='lat' dir='ltr'><strong>rex</strong></span> <span class='ocrx_word' id='word_1_95' title='bbox 573 1433 760 1500; x_wconf 89' lang='lat' dir='ltr'><strong>conspectus</strong></span> <span class='ocrx_word' id='word_1_96' title='bbox 789 1424 949 1485; x_wconf 87' lang='lat' dir='ltr'><strong>audaciam</strong></span> <span class='ocrx_word' id='word_1_97' title='bbox 976 1423 1150 1484; x_wconf 82' lang='lat' dir='ltr'><strong>addiderat.</strong></span> 
     </span>
     <span class='ocr_line' id='line_1_14' title="bbox 149 1499 1151 1586; baseline -0.002 -20"><span class='ocrx_word' id='word_1_98' title='bbox 149 1506 303 1566; x_wconf 85' lang='lat' dir='ltr'><strong>Maximus</strong></span> <span class='ocrx_word' id='word_1_99' title='bbox 324 1501 417 1561; x_wconf 90' lang='lat' dir='ltr'><strong>militi</strong></span> <span class='ocrx_word' id='word_1_100' title='bbox 439 1501 532 1562; x_wconf 91' lang='lat' dir='ltr'><strong>labor</strong></span> <span class='ocrx_word' id='word_1_101' title='bbox 551 1499 614 1578; x_wconf 80' lang='lat' dir='ltr'><strong>fuit</strong></span> <span class='ocrx_word' id='word_1_102' title='bbox 633 1522 693 1581; x_wconf 88' lang='lat' dir='ltr'><strong>per</strong></span> <span class='ocrx_word' id='word_1_103' title='bbox 715 1501 811 1562; x_wconf 87' lang='lat' dir='ltr'><strong>ardua</strong></span> <span class='ocrx_word' id='word_1_104' title='bbox 827 1505 961 1565; x_wconf 84' lang='lat' dir='ltr'><strong>conniti:</strong></span> <span class='ocrx_word' id='word_1_105' title='bbox 983 1502 1151 1586; x_wconf 75' lang='lat' dir='ltr'><strong>postquam</strong></span> 
     </span>
     <span class='ocr_line' id='line_1_15' title="bbox 149 1581 1151 1668; baseline -0.001 -25"><span class='ocrx_word' id='word_1_106' title='bbox 149 1582 355 1668; x_wconf 83' lang='lat' dir='ltr'><strong>aequioribus</strong></span> <span class='ocrx_word' id='word_1_107' title='bbox 380 1582 488 1662; x_wconf 88' lang='lat' dir='ltr'><strong>paullo</strong></span> <span class='ocrx_word' id='word_1_108' title='bbox 506 1581 584 1640; x_wconf 90' lang='lat' dir='ltr'><strong>locis</strong></span> <span class='ocrx_word' id='word_1_109' title='bbox 607 1581 779 1642; x_wconf 86' lang='lat' dir='ltr'><strong>consistere</strong></span> <span class='ocrx_word' id='word_1_110' title='bbox 804 1582 910 1642; x_wconf 89' lang='lat' dir='ltr'><strong>datum</strong></span> <span class='ocrx_word' id='word_1_111' title='bbox 939 1596 1005 1658; x_wconf 88' lang='lat' dir='ltr'><strong>est,</strong></span> <span class='ocrx_word' id='word_1_112' title='bbox 1033 1603 1151 1644; x_wconf 85' lang='lat' dir='ltr'><strong>semer-</strong></span> 
     </span>
     <span class='ocr_line' id='line_1_16' title="bbox 149 1660 1151 1744; baseline -0.002 -18"><span class='ocrx_word' id='word_1_113' title='bbox 149 1687 238 1726; x_wconf 88' lang='lat' dir='ltr'><strong>mum</strong></span> <span class='ocrx_word' id='word_1_114' title='bbox 258 1673 483 1721; x_wconf 83' lang='lat' dir='ltr'><strong>montanorum</strong></span> <span class='ocrx_word' id='word_1_115' title='bbox 513 1660 628 1742; x_wconf 80' lang='lat' dir='ltr'><strong>vulgus</strong></span> <span class='ocrx_word' id='word_1_116' title='bbox 655 1661 738 1722; x_wconf 91' lang='lat' dir='ltr'><strong>haud</strong></span> <span class='ocrx_word' id='word_1_117' title='bbox 767 1683 863 1744; x_wconf 83' lang='lat' dir='ltr'><strong>aegre</strong></span> <span class='ocrx_word' id='word_1_118' title='bbox 894 1664 1058 1724; x_wconf 86' lang='lat' dir='ltr'><strong>disiecere.</strong></span> <span class='ocrx_word' id='word_1_119' title='bbox 1101 1665 1151 1724; x_wconf 78' lang='lat' dir='ltr'><strong>Ex</strong></span> 
     </span>
     <span class='ocr_line' id='line_1_17' title="bbox 148 1739 1151 1819; baseline 0.001 -14"><span class='ocrx_word' id='word_1_120' title='bbox 148 1743 363 1806; x_wconf 86' lang='lat' dir='ltr'><strong>Macedonum</strong></span> <span class='ocrx_word' id='word_1_121' title='bbox 384 1739 519 1799; x_wconf 87' lang='lat' dir='ltr'><strong>ducibus</strong></span> <span class='ocrx_word' id='word_1_122' title='bbox 543 1741 700 1800; x_wconf 86' lang='lat' dir='ltr'><strong>Cleander</strong></span> <span class='ocrx_word' id='word_1_123' title='bbox 714 1743 911 1804; x_wconf 85' lang='lat' dir='ltr'><strong>desideratus</strong></span> <span class='ocrx_word' id='word_1_124' title='bbox 933 1757 992 1819; x_wconf 86' lang='lat' dir='ltr'><strong>est,</strong></span> <span class='ocrx_word' id='word_1_125' title='bbox 1012 1763 1084 1804; x_wconf 92' lang='lat' dir='ltr'><strong>cum</strong></span> <span class='ocrx_word' id='word_1_126' title='bbox 1104 1745 1151 1806; x_wconf 78' lang='lat' dir='ltr'><strong>ri-</strong></span> 
     </span>
     <span class='ocr_line' id='line_1_18' title="bbox 173 1819 1152 1906; baseline 0.001 -23"><span class='ocrx_word' id='word_1_127' title='bbox 173 1823 231 1882; x_wconf 85' lang='lat' dir='ltr'><strong>inti</strong></span> <span class='ocrx_word' id='word_1_128' title='bbox 251 1821 355 1880; x_wconf 87' lang='lat' dir='ltr'><strong>ferme</strong></span> <span class='ocrx_word' id='word_1_129' title='bbox 375 1819 543 1878; x_wconf 84' lang='lat' dir='ltr'><strong>militibus:</strong></span> <span class='ocrx_word' id='word_1_130' title='bbox 568 1819 773 1882; x_wconf 81' lang='lat' dir='ltr'><strong>barbararum</strong></span> <span class='ocrx_word' id='word_1_131' title='bbox 796 1824 834 1882; x_wconf 89' lang='lat' dir='ltr'><strong>ad</strong></span> <span class='ocrx_word' id='word_1_132' title='bbox 856 1824 1044 1906; x_wconf 80' lang='lat' dir='ltr'><strong>quingentos</strong></span> <span class='ocrx_word' id='word_1_133' title='bbox 1069 1826 1152 1886; x_wconf 84' lang='lat' dir='ltr'><strong>ceci-</strong></span> 
     </span>
     <span class='ocr_line' id='line_1_19' title="bbox 151 1847 1151 1986; baseline 0.004 -24"><span class='ocrx_word' id='word_1_134' title='bbox 151 1847 248 1978; x_wconf 68' lang='lat' dir='ltr'><strong>dere,</strong></span> <span class='ocrx_word' id='word_1_135' title='bbox 271 1910 399 1960; x_wconf 88' lang='lat' dir='ltr'><strong>eeteros</strong></span> <span class='ocrx_word' id='word_1_136' title='bbox 421 1898 566 1978; x_wconf 85' lang='lat' dir='ltr'><strong>expedita</strong></span> <span class='ocrx_word' id='word_1_137' title='bbox 587 1898 671 1982; x_wconf 80' lang='lat' dir='ltr'><strong>fuga·</strong></span> <span class='ocrx_word' id='word_1_138' title='bbox 684 1913 716 1978; x_wconf 79' lang='lat' dir='ltr'><strong>et</strong></span> <span class='ocrx_word' id='word_1_139' title='bbox 736 1903 881 1965; x_wconf 87' lang='lat' dir='ltr'><strong>locorum</strong></span> <span class='ocrx_word' id='word_1_140' title='bbox 906 1905 1016 1973; x_wconf 82' lang='lat' dir='ltr'><strong>notitia</strong></span> <span class='ocrx_word' id='word_1_141' title='bbox 1043 1908 1151 1986; x_wconf 61' lang='lat' dir='ltr'><strong>protess</strong></span> 
     </span>
     <span class='ocr_line' id='line_1_20' title="bbox 152 1979 1153 2062; baseline 0.002 -19"><span class='ocrx_word' id='word_1_142' title='bbox 152 1983 210 2045; x_wconf 79' lang='lat' dir='ltr'><strong>xit,</strong></span> <span class='ocrx_word' id='word_1_143' title='bbox 232 1979 443 2062; x_wconf 81' lang='lat' dir='ltr'><strong>Fugientibus</strong></span> <span class='ocrx_word' id='word_1_144' title='bbox 464 1987 566 2038; x_wconf 89' lang='lat' dir='ltr'><strong>tamen</strong></span> <span class='ocrx_word' id='word_1_145' title='bbox 579 1979 690 2044; x_wconf 88' lang='lat' dir='ltr'><strong>institit</strong></span> <span class='ocrx_word' id='word_1_146' title='bbox 710 2003 779 2058; x_wconf 84' lang='lat' dir='ltr'><strong>rex,</strong></span> <span class='ocrx_word' id='word_1_147' title='bbox 800 1985 1014 2060; x_wconf 74' lang='lat' dir='ltr'><strong>contentione,</strong></span> <span class='ocrx_word' id='word_1_148' title='bbox 1058 1997 1153 2046; x_wconf 82' lang='lat' dir='ltr'><strong>uanta</strong></span> 
     </span>
     <span class='ocr_line' id='line_1_21' title="bbox 151 2006 1153 2146; baseline 0.004 -24"><span class='ocrx_word' id='word_1_149' title='bbox 151 2073 282 2144; x_wconf 88' lang='lat' dir='ltr'><strong>poterat</strong></span> <span class='ocrx_word' id='word_1_150' title='bbox 301 2071 365 2118; x_wconf 88' lang='lat' dir='ltr'><strong>tam</strong></span> <span class='ocrx_word' id='word_1_151' title='bbox 390 2074 488 2140; x_wconf 79' lang='lat' dir='ltr'><strong>grave</strong></span> <span class='ocrx_word' id='word_1_152' title='bbox 509 2079 635 2140; x_wconf 81' lang='lat' dir='ltr'><strong>agmen:</strong></span> <span class='ocrx_word' id='word_1_153' title='bbox 655 2062 836 2146; x_wconf 80' lang='lat' dir='ltr'><strong>eodemque</strong></span> <span class='ocrx_word' id='word_1_154' title='bbox 855 2065 977 2145; x_wconf 86' lang='lat' dir='ltr'><strong>impetu</strong></span> <span class='ocrx_word' id='word_1_155' title='bbox 998 2006 1075 2126; x_wconf 74' lang='lat' dir='ltr'><strong>urbs</strong></span> <span class='ocrx_word' id='word_1_156' title='bbox 1096 2079 1153 2126; x_wconf 59' lang='lat' dir='ltr'><strong>eo*</strong></span> 
     </span>
     <span class='ocr_line' id='line_1_22' title="bbox 147 2142 1154 2220; baseline 0.004 -18"><span class='ocrx_word' id='word_1_157' title='bbox 147 2165 224 2211; x_wconf 66' lang='lat' dir='ltr'><strong>⁵rum</strong></span> <span class='ocrx_word' id='word_1_158' title='bbox 252 2151 344 2220; x_wconf 87' lang='lat' dir='ltr'><strong>capta</strong></span> <span class='ocrx_word' id='word_1_159' title='bbox 373 2149 430 2198; x_wconf 88' lang='lat' dir='ltr'><strong>est.</strong></span> <span class='ocrx_word' id='word_1_160' title='bbox 472 2142 536 2200; x_wconf 88' lang='lat' dir='ltr'><strong>Per</strong></span> <span class='ocrx_word' id='word_1_161' title='bbox 570 2151 676 2200; x_wconf 89' lang='lat' dir='ltr'><strong>cetera</strong></span> <span class='ocrx_word' id='word_1_162' title='bbox 711 2142 825 2206; x_wconf 88' lang='lat' dir='ltr'><strong>deinde</strong></span> <span class='ocrx_word' id='word_1_163' title='bbox 864 2145 1003 2206; x_wconf 86' lang='lat' dir='ltr'><strong>Pisidiae</strong></span> <span class='ocrx_word' id='word_1_164' title='bbox 1033 2147 1154 2207; x_wconf 82' lang='lat' dir='ltr'><strong>munita</strong></span> 
     </span>
     <span class='ocr_line' id='line_1_23' title="bbox 151 2215 1153 2306; baseline 0 -25"><span class='ocrx_word' id='word_1_165' title='bbox 151 2224 224 2284; x_wconf 88' lang='lat' dir='ltr'><strong>loca</strong></span> <span class='ocrx_word' id='word_1_166' title='bbox 250 2219 447 2280; x_wconf 86' lang='lat' dir='ltr'><strong>circumtulit</strong></span> <span class='ocrx_word' id='word_1_167' title='bbox 467 2218 585 2278; x_wconf 85' lang='lat' dir='ltr'><strong>bellum</strong></span> <span class='ocrx_word' id='word_1_168' title='bbox 604 2215 653 2297; x_wconf 76' lang='lat'><strong>⁸)1</strong></span> <span class='ocrx_word' id='word_1_169' title='bbox 674 2226 820 2303; x_wconf 77' lang='lat' dir='ltr'><strong>&#39;quorum</strong></span> <span class='ocrx_word' id='word_1_170' title='bbox 840 2225 990 2285; x_wconf 89' lang='lat' dir='ltr'><strong>nonnulla</strong></span> <span class='ocrx_word' id='word_1_171' title='bbox 1012 2245 1153 2306; x_wconf 80' lang='lat' dir='ltr'><strong>pugnan-</strong></span> 
     </span>
     <span class='ocr_line' id='line_1_24' title="bbox 152 2296 1155 2382; baseline 0.004 -24"><span class='ocrx_word' id='word_1_172' title='bbox 152 2303 196 2364; x_wconf 82' lang='lat' dir='ltr'><strong>do</strong></span> <span class='ocrx_word' id='word_1_173' title='bbox 217 2301 318 2382; x_wconf 80' lang='lat' dir='ltr'><strong>cepit:</strong></span> <span class='ocrx_word' id='word_1_174' title='bbox 345 2298 403 2357; x_wconf 86' lang='lat' dir='ltr'><strong>alia</strong></span> <span class='ocrx_word' id='word_1_175' title='bbox 423 2296 655 2358; x_wconf 88' lang='lat' dir='ltr'><strong>conditionibus</strong></span> <span class='ocrx_word' id='word_1_176' title='bbox 671 2301 707 2356; x_wconf 67' lang='lat' dir='ltr'><strong>‘in&#39;</strong></span> <span class='ocrx_word' id='word_1_177' title='bbox 720 2299 815 2362; x_wconf 87' lang='lat' dir='ltr'><strong>iidem</strong></span> <span class='ocrx_word' id='word_1_178' title='bbox 830 2313 998 2366; x_wconf 81' lang='lat' dir='ltr'><strong>venerunt.</strong></span> <span class='ocrx_word' id='word_1_179' title='bbox 1021 2304 1155 2362; x_wconf 80' lang='lat' dir='ltr'><strong>Telmis-</strong></span> 
     </span>
     <span class='ocr_line' id='line_1_25' title="bbox 153 2371 1155 2513; baseline 0.005 -74"><span class='ocrx_word' id='word_1_180' title='bbox 153 2404 223 2462; x_wconf 76' lang='lat' dir='ltr'><strong>surn</strong></span> <span class='ocrx_word' id='word_1_181' title='bbox 245 2388 457 2513; x_wconf 59' lang='lat' dir='ltr'><strong>expupnatam</strong></span> <span class='ocrx_word' id='word_1_182' title='bbox 470 2371 514 2448; x_wconf 74' lang='lat'><strong>9),</strong></span> <span class='ocrx_word' id='word_1_183' title='bbox 531 2375 573 2432; x_wconf 90' lang='lat' dir='ltr'><strong>ob</strong></span> <span class='ocrx_word' id='word_1_184' title='bbox 588 2376 791 2455; x_wconf 86' lang='lat' dir='ltr'><strong>pertinaciam</strong></span> <span class='ocrx_word' id='word_1_185' title='bbox 804 2381 934 2455; x_wconf 84' lang='lat' dir='ltr'><strong>civium,</strong></span> <span class='ocrx_word' id='word_1_186' title='bbox 951 2383 1020 2443; x_wconf 90' lang='lat' dir='ltr'><strong>solo</strong></span> <span class='ocrx_word' id='word_1_187' title='bbox 1039 2401 1155 2472; x_wconf 71' lang='lat' dir='ltr'><strong>aequa·</strong></span> 
     </span>
     <span class='ocr_line' id='line_1_26' title="bbox 154 2453 1154 2541; baseline -0.005 -18"><span class='ocrx_word' id='word_1_188' title='bbox 154 2464 215 2536; x_wconf 83' lang='lat' dir='ltr'><strong>vit3</strong></span> <span class='ocrx_word' id='word_1_189' title='bbox 242 2477 364 2541; x_wconf 81' lang='lat' dir='ltr'><strong>popae</strong></span> <span class='ocrx_word' id='word_1_190' title='bbox 394 2453 578 2513; x_wconf 83' lang='lat' dir='ltr'><strong>libertatem</strong></span> <span class='ocrx_word' id='word_1_191' title='bbox 600 2454 733 2530; x_wconf 82' lang='lat' dir='ltr'><strong>ademit3</strong></span> <span class='ocrx_word' id='word_1_192' title='bbox 772 2471 805 2522; x_wconf 88' lang='lat' dir='ltr'><strong>et</strong></span> <span class='ocrx_word' id='word_1_193' title='bbox 825 2460 932 2540; x_wconf 91' lang='lat' dir='ltr'><strong>paullo</strong></span> <span class='ocrx_word' id='word_1_194' title='bbox 966 2474 1057 2541; x_wconf 86' lang='lat' dir='ltr'><strong>post,</strong></span> <span class='ocrx_word' id='word_1_195' title='bbox 1081 2470 1154 2522; x_wconf 84' lang='lat' dir='ltr'><strong>cum</strong></span> 
     </span>
     <span class='ocr_line' id='line_1_27' title="bbox 153 2531 1155 2624; baseline -0.003 -20"><span class='ocrx_word' id='word_1_196' title='bbox 153 2543 221 2604; x_wconf 84' lang='lat' dir='ltr'><strong>aliis</strong></span> <span class='ocrx_word' id='word_1_197' title='bbox 244 2533 434 2624; x_wconf 83' lang='lat' dir='ltr'><strong>quibusdam</strong></span> <span class='ocrx_word' id='word_1_198' title='bbox 455 2531 808 2614; x_wconf 70' lang='lat' dir='ltr'><strong>Pisidiae‘civitatibus,</strong></span> <span class='ocrx_word' id='word_1_199' title='bbox 834 2539 1042 2600; x_wconf 87' lang='lat' dir='ltr'><strong>Celaenarum</strong></span> <span class='ocrx_word' id='word_1_200' title='bbox 1063 2562 1155 2622; x_wconf 77' lang='lat' dir='ltr'><strong>prae-</strong></span> 
     </span>
     <span class='ocr_line' id='line_1_28' title="bbox 152 2611 1156 2700; baseline 0.001 -19"><span class='ocrx_word' id='word_1_201' title='bbox 152 2625 305 2684; x_wconf 82' lang='lat' dir='ltr'><strong>fecturae</strong></span> <span class='ocrx_word' id='word_1_202' title='bbox 327 2611 507 2676; x_wconf 81' lang='lat' dir='ltr'><strong>contnbuit.</strong></span> <span class='ocrx_word' id='word_1_203' title='bbox 528 2612 650 2672; x_wconf 81' lang='lat' dir='ltr'><strong>Pacatis</strong></span> <span class='ocrx_word' id='word_1_204' title='bbox 670 2614 753 2676; x_wconf 87' lang='lat' dir='ltr'><strong>bunc</strong></span> <span class='ocrx_word' id='word_1_205' title='bbox 774 2617 805 2677; x_wconf 87' lang='lat' dir='ltr'><strong>in</strong></span> <span class='ocrx_word' id='word_1_206' title='bbox 825 2619 953 2677; x_wconf 88' lang='lat' dir='ltr'><strong>modum</strong></span> <span class='ocrx_word' id='word_1_207' title='bbox 976 2621 1156 2700; x_wconf 79' lang='lat' dir='ltr'><strong>asperrimis</strong></span> 
     </span>
     <span class='ocr_line' id='line_1_29' title="bbox 151 2691 1156 2780; baseline -0.003 -16"><span class='ocrx_word' id='word_1_208' title='bbox 151 2695 347 2767; x_wconf 87' lang='lat' dir='ltr'><strong>nationibus,</strong></span> <span class='ocrx_word' id='word_1_209' title='bbox 365 2692 397 2750; x_wconf 91' lang='lat' dir='ltr'><strong>in</strong></span> <span class='ocrx_word' id='word_1_210' title='bbox 421 2691 588 2772; x_wconf 81' lang='lat' dir='ltr'><strong>Phrygiam</strong></span> <span class='ocrx_word' id='word_1_211' title='bbox 608 2696 782 2772; x_wconf 79' lang='lat' dir='ltr'><strong>precessit,</strong></span> <span class='ocrx_word' id='word_1_212' title='bbox 812 2721 874 2780; x_wconf 87' lang='lat' dir='ltr'><strong>qua</strong></span> <span class='ocrx_word' id='word_1_213' title='bbox 895 2699 1047 2760; x_wconf 83' lang='lat' dir='ltr'><strong>Ascanius</strong></span> <span class='ocrx_word' id='word_1_214' title='bbox 1069 2701 1156 2762; x_wconf 82' lang='lat' dir='ltr'><strong>lacus</strong></span> 
     </span>
     <span class='ocr_line' id='line_1_30' title="bbox 154 2776 1157 2910; baseline 0.007 -76"><span class='ocrx_word' id='word_1_215' title='bbox 154 2796 215 2855; x_wconf 70' lang='lat' dir='ltr'><strong>est,</strong></span> <span class='ocrx_word' id='word_1_216' title='bbox 242 2776 333 2839; x_wconf 90' lang='lat' dir='ltr'><strong>cuius</strong></span> <span class='ocrx_word' id='word_1_217' title='bbox 363 2787 463 2852; x_wconf 85' lang='lat' dir='ltr'><strong>aqua,</strong></span> <span class='ocrx_word' id='word_1_218' title='bbox 490 2792 545 2837; x_wconf 87' lang='lat' dir='ltr'><strong>sua</strong></span> <span class='ocrx_word' id='word_1_219' title='bbox 566 2781 686 2910; x_wconf 65' lang='lat' dir='ltr'><strong>sponte</strong></span> <span class='ocrx_word' id='word_1_220' title='bbox 713 2793 937 2852; x_wconf 79' lang='lat' dir='ltr'><strong>concrescens,</strong></span> <span class='ocrx_word' id='word_1_221' title='bbox 968 2780 1157 2842; x_wconf 83' lang='lat' dir='ltr'><strong>necessitate</strong></span> 
     </span>
     <span class='ocr_line' id='line_1_31' title="bbox 152 2853 1156 2936; baseline -0.001 -13"><span class='ocrx_word' id='word_1_222' title='bbox 152 2863 229 2923; x_wconf 85' lang='lat' dir='ltr'><strong>salis</strong></span> <span class='ocrx_word' id='word_1_223' title='bbox 247 2879 269 2918; x_wconf 90' lang='lat' dir='ltr'><strong>e</strong></span> <span class='ocrx_word' id='word_1_224' title='bbox 291 2853 463 2934; x_wconf 81' lang='lat' dir='ltr'><strong>longinquo</strong></span> <span class='ocrx_word' id='word_1_225' title='bbox 488 2861 584 2930; x_wconf 84' lang='lat' dir='ltr'><strong>poten</strong></span> <span class='ocrx_word' id='word_1_226' title='bbox 607 2853 617 2910; x_wconf 91' lang='lat' dir='ltr'><strong>i</strong></span> <span class='ocrx_word' id='word_1_227' title='bbox 636 2854 734 2915; x_wconf 86' lang='lat' dir='ltr'><strong>solvit</strong></span> <span class='ocrx_word' id='word_1_228' title='bbox 765 2857 896 2919; x_wconf 81' lang='lat' dir='ltr'><strong>accolas.</strong></span> <span class='ocrx_word' id='word_1_229' title='bbox 940 2860 1026 2918; x_wconf 89' lang='lat' dir='ltr'><strong>Dum</strong></span> <span class='ocrx_word' id='word_1_230' title='bbox 1051 2861 1095 2936; x_wconf 77' lang='lat'><strong>¹¹¹)</strong></span> <span class='ocrx_word' id='word_1_231' title='bbox 1116 2882 1156 2922; x_wconf 82' lang='lat' dir='ltr'><strong>ee</strong></span> 
     </span>
     <span class='ocr_line' id='line_1_32' title="bbox 155 2934 1157 3026; baseline -0.004 -24"><span class='ocrx_word' id='word_1_232' title='bbox 155 2950 325 3026; x_wconf 82' lang='lat' dir='ltr'><strong>geruntur,</strong></span> <span class='ocrx_word' id='word_1_233' title='bbox 349 2934 513 3006; x_wconf 88' lang='lat' dir='ltr'><strong>Memnon,</strong></span> <span class='ocrx_word' id='word_1_234' title='bbox 533 2951 660 3000; x_wconf 82' lang='lat' dir='ltr'><strong>suarum</strong></span> <span class='ocrx_word' id='word_1_235' title='bbox 685 2937 820 3014; x_wconf 89' lang='lat' dir='ltr'><strong>partium</strong></span> <span class='ocrx_word' id='word_1_236' title='bbox 847 2939 994 3021; x_wconf 80' lang='lat' dir='ltr'><strong>reliquiis</strong></span> <span class='ocrx_word' id='word_1_237' title='bbox 1015 2940 1157 3022; x_wconf 79' lang='lat' dir='ltr'><strong>undique</strong></span> 
     </span>
     <span class='ocr_line' id='line_1_33' title="bbox 154 3011 1157 3104; baseline -0.002 -24"><span class='ocrx_word' id='word_1_238' title='bbox 154 3018 314 3090; x_wconf 83' lang='lat' dir='ltr'><strong>collectis,</strong></span> <span class='ocrx_word' id='word_1_239' title='bbox 334 3023 369 3074; x_wconf 88' lang='lat' dir='ltr'><strong>ut</strong></span> <span class='ocrx_word' id='word_1_240' title='bbox 392 3011 607 3072; x_wconf 75' lang='lat' dir='ltr'><strong>inhaerentem</strong></span> <span class='ocrx_word' id='word_1_241' title='bbox 627 3013 719 3080; x_wconf 74' lang='lat' dir='ltr'><strong>Asiae</strong></span> <span class='ocrx_word' id='word_1_242' title='bbox 744 3017 959 3087; x_wconf 78' lang='lat' dir='ltr'><strong>Alexandrum</strong></span> <span class='ocrx_word' id='word_1_243' title='bbox 984 3013 1157 3104; x_wconf 83' lang='lat' dir='ltr'><strong>extorque-</strong></span> 
     </span>
    </p>
   </div>
   <div class='ocr_carea' id='block_1_3' title="bbox 147 3160 340 3192">
    <p class='ocr_par' dir='ltr' id='par_1_3' title="bbox 147 3160 340 3192">
     <span class='ocr_line' id='line_1_34' title="bbox 147 3160 340 3192; baseline 0 -24"><span class='ocrx_word' id='word_1_244' title='bbox 147 3160 340 3192; x_wconf 36' lang='grc' dir='ltr'><strong>..Ι-...μ</strong></span> 
     </span>
    </p>
   </div>
   <div class='ocr_carea' id='block_1_4' title="bbox 210 3272 793 3554">
    <p class='ocr_par' dir='ltr' id='par_1_4' title="bbox 227 3272 793 3412">
     <span class='ocr_line' id='line_1_35' title="bbox 227 3272 793 3345; baseline -0.004 -21"><span class='ocrx_word' id='word_1_245' title='bbox 227 3281 253 3345; x_wconf 81' lang='lat'><strong>7)</strong></span> <span class='ocrx_word' id='word_1_246' title='bbox 273 3274 370 3325; x_wconf 79' lang='lat' dir='ltr'><strong>straba</strong></span> <span class='ocrx_word' id='word_1_247' title='bbox 390 3272 435 3320; x_wconf 67' lang='lat' dir='ltr'><strong>lib,</strong></span> <span class='ocrx_word' id='word_1_248' title='bbox 459 3275 500 3334; x_wconf 57' lang='lat' dir='ltr'><strong>syl.</strong></span> <span class='ocrx_word' id='word_1_249' title='bbox 521 3273 623 3332; x_wconf 71' lang='lat' dir='ltr'><strong>brrinn,</strong></span> <span class='ocrx_word' id='word_1_250' title='bbox 650 3282 672 3328; x_wconf 88' lang='lat'><strong>1.</strong></span> <span class='ocrx_word' id='word_1_251' title='bbox 689 3277 715 3339; x_wconf 81' lang='lat' dir='ltr'><strong>fl,</strong></span> <span class='ocrx_word' id='word_1_252' title='bbox 734 3294 769 3344; x_wconf 77' lang='lat'><strong>¹9·</strong></span> <span class='ocrx_word' id='word_1_253' title='bbox 791 3297 793 3302; x_wconf 88' lang='lat'><em>·</em></span> 
     </span>
     <span class='ocr_line' id='line_1_36' title="bbox 227 3338 772 3412; baseline -0.002 -18"><span class='ocrx_word' id='word_1_254' title='bbox 227 3349 254 3412; x_wconf 70' lang='grc'><strong>8)</strong></span> <span class='ocrx_word' id='word_1_255' title='bbox 276 3343 373 3394; x_wconf 81' lang='lat' dir='ltr'><strong>Strabo</strong></span> <span class='ocrx_word' id='word_1_256' title='bbox 391 3341 437 3392; x_wconf 76' lang='lat' dir='ltr'><strong>tib,</strong></span> <span class='ocrx_word' id='word_1_257' title='bbox 463 3338 500 3402; x_wconf 70' lang='lat' dir='ltr'><strong>tl.</strong></span> <span class='ocrx_word' id='word_1_258' title='bbox 520 3344 622 3392; x_wconf 72' lang='lat' dir='ltr'><strong>Antan.</strong></span> <span class='ocrx_word' id='word_1_259' title='bbox 644 3352 666 3399; x_wconf 87' lang='lat' dir='ltr'><strong>l.</strong></span> <span class='ocrx_word' id='word_1_260' title='bbox 686 3346 711 3407; x_wconf 80' lang='lat'><strong>8,</strong></span> <span class='ocrx_word' id='word_1_261' title='bbox 731 3347 772 3403; x_wconf 68' lang='lat' dir='ltr'><strong>nit,</strong></span> 
     </span>
    </p>

    <p class='ocr_par' dir='ltr' id='par_1_5' title="bbox 224 3411 767 3481">
     <span class='ocr_line' id='line_1_37' title="bbox 224 3411 767 3481; baseline 0.004 -20"><span class='ocrx_word' id='word_1_262' title='bbox 224 3424 254 3481; x_wconf 64' lang='lat'><strong>9]</strong></span> <span class='ocrx_word' id='word_1_263' title='bbox 273 3412 371 3465; x_wconf 80' lang='lat' dir='ltr'><strong>Strabo</strong></span> <span class='ocrx_word' id='word_1_264' title='bbox 391 3411 437 3460; x_wconf 83' lang='lat' dir='ltr'><strong>lib.</strong></span> <span class='ocrx_word' id='word_1_265' title='bbox 462 3421 499 3468; x_wconf 69' lang='grc'><strong>14.</strong></span> <span class='ocrx_word' id='word_1_266' title='bbox 518 3411 616 3460; x_wconf 84' lang='lat' dir='ltr'><strong>Plinius</strong></span> <span class='ocrx_word' id='word_1_267' title='bbox 636 3415 659 3476; x_wconf 77' lang='lat'><strong>5,</strong></span> <span class='ocrx_word' id='word_1_268' title='bbox 680 3430 722 3480; x_wconf 75' lang='lat'><strong>29,</strong></span> <span class='ocrx_word' id='word_1_269' title='bbox 740 3417 767 3467; x_wconf 83' lang='lat'><strong>6.</strong></span> 
     </span>
    </p>

    <p class='ocr_par' dir='ltr' id='par_1_6' title="bbox 210 3477 657 3554">
     <span class='ocr_line' id='line_1_38' title="bbox 210 3477 657 3554; baseline -0.004 -21"><span class='ocrx_word' id='word_1_270' title='bbox 210 3484 253 3554; x_wconf 78' lang='grc' dir='ltr'><strong>ιο)</strong></span> <span class='ocrx_word' id='word_1_271' title='bbox 274 3481 379 3533; x_wconf 79' lang='lat' dir='ltr'><strong>arnan.</strong></span> <span class='ocrx_word' id='word_1_272' title='bbox 400 3477 422 3540; x_wconf 74' lang='grc' dir='ltr'><strong>ι’,</strong></span> <span class='ocrx_word' id='word_1_273' title='bbox 440 3481 466 3543; x_wconf 83' lang='grc'><strong>8,</strong></span> <span class='ocrx_word' id='word_1_274' title='bbox 486 3481 526 3531; x_wconf 76' lang='lat' dir='ltr'><strong>ab.</strong></span> <span class='ocrx_word' id='word_1_275' title='bbox 544 3495 568 3543; x_wconf 77' lang='lat' dir='ltr'><strong>a,</strong></span> <span class='ocrx_word' id='word_1_276' title='bbox 591 3487 613 3535; x_wconf 85' lang='lat'><strong>1.</strong></span> <span class='ocrx_word' id='word_1_277' title='bbox 628 3499 657 3552; x_wconf 65' lang='lat'><strong>,¹¹</strong></span> 
     </span>
    </p>
   </div>
   <div class='ocr_carea' id='block_1_5' title="bbox 0 0 1340 3864">
    <p class='ocr_par' dir='ltr' id='par_1_7' title="bbox 0 0 1340 3864">
     <span class='ocr_line' id='line_1_39' title="bbox 0 0 1340 3864; baseline 0 0"><span class='ocrx_word' id='word_1_278' title='bbox 0 0 1340 3864; x_wconf 95' lang='lat' dir='ltr'><strong> </strong></span> 
     </span>
    </p>
   </div>
  </div>
 </body>
</html>
