2636 3860
452 369 587 409 aarum
611 367 801 412 urrunnun·
1031 353 1130 439 xum

133 513 221 598 quod
243 514 273 572 in
296 499 519 593 superslitibut
547 511 759 592 praestiterit,
789 509 864 594 quid
887 515 1054 592 praestare
1075 533 1130 580 ro-

131 615 237 690 luerit,
260 613 501 694 coniectandum
523 627 584 678 est.
618 615 708 697 Ergo
731 613 757 674 si
778 613 904 674 Curtius
929 621 1036 674 ¹ueram
1057 617 1131 677 Alc·

134 718 245 781 xandri
266 717 431 780 historiam
457 718 600 780 seribere
620 715 739 792 uoluit,
761 715 900 776 debebat
921 717 1059 779 scientiis
1086 719 1132 781 hi·

132 823 251 885 storico
275 821 460 882 necessariis
475 822 549 882 satis
569 811 739 881 instructus
753 827 840 893 esset
865 811 1012 896 debebat,
1034 841 1133 905 quum

132 927 194 986 iam
217 923 353 1008 antiquis
374 922 569 1004 temporibus
593 923 678 984 varia
707 931 741 984 et
769 921 866 982 mult'a
897 923 976 981 l'alsa
997 915 1038 982 de
1059 925 1134 986 nlo·

133 1029 254 1089 xandro
276 1016 499 1100 narrarentur,
529 1041 568 1088 ex
592 1019 803 1110 liquidissimis
832 1021 972 1085 lantibus
994 1025 1134 1104 haurire,

133 1131 260 1193 veritati
280 1129 375 1213 quam
391 1132 524 1192 maxime
549 1129 692 1204 studere,
710 1126 809 1210 idque
830 1126 933 1188 animo
957 1143 973 1188 a
995 1131 1133 1212 partium

133 1233 240 1295 studio
262 1237 410 1318 omnique
433 1233 553 1294 affectu
575 1231 695 1310 alieno,
734 1241 833 1290 artem
863 1227 1004 1292 debebat
1031 1246 1135 1294 osten-

132 1335 211 1398 d'erc
232 1336 263 1395 in
285 1335 332 1408 iis,
354 1350 435 1421 quae
458 1343 557 1407 erant,
576 1333 680 1414 iisque
705 1325 923 1414 gravioribus,
952 1329 1136 1414 perspicue,

130 1433 274 1522 placide,
296 1435 484 1517 simpliciter
512 1436 698 1512 narrandis3
727 1436 838 1516 paucis
870 1434 1005 1515 defungi
1035 1435 1134 1496 debe·-

130 1544 186 1604 b'at
214 1543 245 1602 in
273 1540 371 1601 rebus
405 1537 506 1598 minus
548 1536 750 1614 necessariis,
798 1557 857 1598 nec
900 1545 968 1596 erat
1004 1538 1136 1618 quaeris

1 1623 2 1684 l
92 1649 105 1660 ²
137 1635 261 1706 occasio
301 1639 505 1725 eloquentiae
548 1639 752 1703 ostentandae
794 1641 957 1724 captanda.
1017 1639 1135 1701 Contra

135 1761 217 1829 quae
240 1746 384 1806 Curtium
408 1745 551 1806 Graecae
574 1743 702 1824 linguae
724 1746 881 1807 nonsatis
903 1741 1066 1817 scientem,
1088 1743 1136 1802 rei

133 1848 270 1908 bellicae
290 1845 493 1926 imperitum,
521 1847 553 1907 in
582 1833 680 1906 rebus
703 1845 934 1932 Geograpbicis
964 1861 1060 1928 saepe
1083 1869 1134 1906 ru-

72 1979 79 1987 -
132 1951 206 2010 dem
231 1947 509 2032 deprehendimus.
552 1950 832 2034 lpsclatetu1·‚ae
856 1951 948 2032 plura
971 1951 1134 2010 transscri-

132 2047 211 2113 bere
226 2052 485 2136 quamcredere,
503 2069 561 2116 nee
584 2049 747 2116 affirmare
766 2054 934 2127 sustinere,
957 2053 997 2114 de
1019 2056 1134 2138 quibus

134 2154 271 2232 dubitet,
304 2175 366 2216 *nec
386 2155 578 2233 subducere,
600 2165 681 2238 quae
703 2157 872 2238 acceperit.
895 2151 949 2218 lib.
964 2155 1017 2232 lx,
1044 2183 1068 2236 a,
1086 2161 1133 2232 34.

133 2267 220 2317 etse
241 2257 425 2339 incorrupta
453 2249 602 2341 perferre
623 2271 796 2344 utcumque
826 2260 949 2322 tradita.
980 2260 1036 2323 lib.
1068 2253 1134 2337 Vll,
1190 2300 1193 2309 ,

133 2373 163 2435 3,
190 2383 234 2424 11.
278 2349 447 2422 Orationes
469 2365 629 2444 elegantes
655 2371 688 2420 et
717 2369 848 2424 ornatae
876 2357 1029 2424 artilieem
1054 2385 1134 2450 'P¹'⁰.‘

65 2507 66 2513 ,
133 2461 230 2538 dunt3
250 2463 282 2523 in
303 2465 573 2546 descriptionibus
600 2484 697 2544 saepe
727 2461 900 2523 verborum
920 2465 1049 2526 modum
1070 2488 1132 2528 non

1 2581 2 2588 ¹
49 2587 53 2592 -
134 2563 224 2616 tenet
253 2573 286 2620 et
312 2568 514 2647 ampullatur,
550 2565 714 2626 rhetorico
743 2562 820 2624 suco
849 2581 944 2646 saepe
974 2567 1131 2644 abutitur3

134 2677 241 2740 neque
260 2670 364 2726 tamen
383 2662 593 2752 negligendus
619 2677 677 2741 est,
697 2667 887 2748 praecipue,
908 2668 995 2752 quod
1016 2668 1132 2750 passim

43 2810 45 2814 .
135 2763 293 2844 quaedam
332 2770 463 2850 retulit,
505 2793 587 2857 quae
620 2770 705 2853 apud
740 2759 904 2832 neminem·
933 2770 1132 2852 reliquorum
1209 2823 1212 2831 ,

135 2867 309 2928 memoriae
341 2876 469 2955 prodita
498 2875 652 2957 reperias.
711 2875 745 2932 In
780 2871 904 2934 Scholia
938 2871 1063 2956 itaque,
1106 2875 1132 2934 si

134 2979 326 3053 praeceptor
355 2997 394 3038 eo
424 2979 471 3040 uti
498 3000 561 3040 non
580 2976 701 3054 nescit,
728 2973 821 3034 etad
848 2973 975 3060 latinam
994 2965 1133 3058 linguam
1177 3004 1179 3008 ¹

135 3084 168 3131 et
189 3074 416 3140 senatoriam
446 3078 619 3142 Alexandri
647 3074 868 3137 addiscendam
895 3077 1049 3155 prodesse
1077 3099 1133 3161 pu·

134 3181 206 3241 lest.
232 3172 406 3244 Praeterea
428 3181 631 3243 animaduerti
652 3179 805 3264 quaedam
827 3189 969 3259 possunt,
990 3200 1071 3262 quae
1093 3201 1132 3241 eo
1197 3161 1199 3172 Ι

136 3281 275 3348 fortasse
296 3287 422 3360 ducant,
444 3295 480 3343 ut
502 3282 667 3363 scriptoris
698 3295 782 3344 aetas
808 3281 996 3365 arctioribus
1016 3281 1132 3346 finibus

136 3363 449 3449 circumscribaturc¹
816 3376 819 3381 ’
