2636 3860
181 341 312 406 XLVlll
513 355 556 394 un
582 356 611 416 o.
637 351 862 396 cunraoinuno

181 496 250 577 ⁴⁴),
271 495 530 582 quandoquidem
565 513 675 558 omnes
709 492 802 556 huius
831 493 957 577 generis
989 490 1092 556 Curtii
1120 494 1184 556 Co*

180 602 267 664 dices
288 598 507 685 quintidecimi·
526 598 628 658 seculi
649 617 719 658 esse
743 605 873 657 constat.

256 704 301 768 lta
322 701 368 780 lit,
391 714 429 762 ut
449 701 567 782 duplex
597 699 688 782 quasi
715 695 836 758 familia
858 695 1003 758 codicum
1023 715 1098 763 mss.
1125 699 1180 782 qui

179 804 276 867 hodie
297 805 519 880 inveniuntur,
541 803 600 878 ait,
620 801 719 862 altera
747 798 1015 880 interpolatorum
1040 799 1107 862 aive
1128 821 1180 862 re·

133 903 140 914 “
180 905 369 984 cantiorum,
394 905 496 966 altera
520 905 721 986 integrorum
742 899 1023 1016 etantipuiorum.
1066 903 1101 962 ln
1121 922 1179 984 po-

180 1007 319 1068 steriore
340 1009 441 1070 classe
466 1027 578 1092 agmen
599 1005 720 1064 ducunt
742 1001 776 1062 hi
792 1001 896 1078 lium,
917 1001 1033 1086 quibus
1053 1003 1179 1066 Modiua

163 1109 219 1169 .ad
246 1110 477 1170 recensendum
507 1108 653 1170 Curtium
680 1125 755 1166 usus
784 1116 851 1179 est,
882 1104 1115 1189 Slegebergensis
1144 1116 1178 1168 et

184 1211 381 1288 coloniensis,-
403 1213 504 1273 variaa
527 1230 639 1273 eorum
660 1207 813 1268 lectiones
827 1204 952 1266 Modius
966 1225 1031 1267 non
1047 1227 1179 1291 excerp·

177 1311 239 1388 ait,
272 1311 330 1372 sed
351 1323 455 1373 totum
482 1333 562 1394 opus
586 1311 625 1372 ad
646 1295 759 1371 eorum
783 1318 819 1368 ut
839 1307 910 1369 l'ere
938 1307 1022 1368 inter
1048 1329 1083 1369 ae
1104 1329 1179 1370 oon·

179 1413 384 1474 sentientium
411 1415 632 1476 auctoritatem
669 1410 854 1494 recensuit,
900 1409 998 1472 hodie
1025 1407 1178 1489 nescitur,
1237 1471 1242 1485 ,
1315 1413 1317 1426 '

178 1513 256 1598 quid
278 1515 339 1574 illis
361 1513 484 1580 factum
504 1519 562 1596 sit,
591 1515 643 1578 vel
664 1533 729 1597 quo
754 1510 851 1573 delati
872 1513 943 1574 siat
984 1513 1019 1571 ln
1040 1511 1178 1578 eundem

184 1633 314 1674 censum
338 1618 480 1697 veniunt,
501 1619 558 1703 qui
567 1626 681 1702 postea
697 1633 714 1674 e
729 1613 860 1676 latebris
874 1615 1033 1697 protracti
1050 1627 1086 1679 'et
1106 1637 1179 1684 oum

182 1715 274 1776 editis
302 1717 410 1778 collati
439 1730 532 1797 sunt,
564 1740 603 1782 ex
631 1715 891 1779 Freinshemiano
919 1731 1073 1799 apparatu
1100 1721 1179 1782 lton·

180 1823 336 1892 garriunt,
364 1840 447 1882 nuno
474 1805 639 1892 Bernates,
662 1840 801 1904 quorum
824 1817 945 1900 duplex
966 1819 1107 1882 instituta
1128 1833 1179 1884 est

181 1920 327 1998 collatio,
360 1924 461 1994 altera
482 1945 499 1986 a
520 1926 596 1985 Iano
619 1925 765 1990 Grutero,
794 1921 849 2004 qui
869 1921 1037 1984 meliorem
1057 1941 1179 2004 eorum,

180 2041 261 2104 quos
282 2019 394 2084 habuit
414 2023 507 2103 duos,
529 2044 568 2086 ex
592 2023 719 2087 nomine
738 2023 855 2105 prioris
875 2023 1071 2106 possessoris
1091 2005 1181 2089 Petri

179 2125 324 2202 Danielis,
346 2127 522 2207 appellasse
547 2127 692 2210 scripsit3
720 2127 820 2186 altera
850 2124 889 2188 ab
918 2124 988 2207 ipso
1014 2129 1180 2203 Bongarsio

184 2225 216 2286 in
239 2225 381 2308 margine
400 2228 545 2308 Aldinae,
569 2229 625 2314 qui
646 2228 742 2290 modo
764 2229 849 2290 inter
875 2233 889 2294 l
912 2239 945 2288 et
964 2235 983 2294 ll
1005 2229 1180 2315 distinguit,

180 2329 277 2408 modo
298 2329 376 2390 nihil
396 2329 457 2392 nisi
487 2332 662 2394 variantem
691 2329 882 2410 scripturam
896 2364 898 2371 ·
911 2330 1022 2416 ponit3
1051 2333 1181 2396 videtur

178 2443 284 2510 autem
307 2433 451 2508 Bougars.
485 2451 502 2494 a
529 2434 615 2496 idem
651 2453 721 2498 esse
756 2453 829 2494 oum
856 2435 1055 2506 Danieliunm
1089 2458 1180 2502 acoe-

179 2531 226 2594 dit
245 2532 329 2594 liber
350 2534 467 2596 Claudii
492 2537 647 2608 Faucheti,
669 2536 758 2608 ouius
778 2546 884 2596 tamen
905 2536 1058 2602 lectiones
1081 2543 1180 2626 negli-

181 2646 296 2721 genter
320 2649 490 2719 excerptae
512 2651 597 2704 sunt.
634 2636 828 2722 Diligentius
854 2640 954 2704 Henr.
980 2639 1180 2706 Snalaenbor·

181 2734 252 2818 gius
285 2739 439 2816 contulit,
475 2740 533 2822 qui
564 2752 598 2826 et
626 2740 689 2822 ipai
715 2739 747 2800 in
777 2739 967 2802 melioribus
992 2746 1180 2824 numerandi

181 2851 264 2918 sunt,
285 2837 358 2902 duos
379 2839 471 2900 Codd.
493 2841 561 2908 bibl.
591 2843 753 2912 Leidensis,
777 2861 916 2924 quorum
939 2863 1037 2920 unum
1060 2849 1180 2916 Vossia-
1203 2856 1209 2861 ’

103 2999 105 3003 ,
182 2963 248 3036 num
274 2949 423 3021 priorem,
458 2941 595 3007 alterum
623 2944 792 3018 Leidemem
823 2943 1011 3026 appellarim
1041 2947 1181 3033 denique

182 3041 246 3104 huo
267 3040 420 3106 trahenda
440 3053 513 3104 aunt
533 3055 685 3131 excerpta
706 3046 773 3106 llio.
796 3046 911 3106 llairuii
931 3067 970 3110 ex
992 3049 1125 3131 Codice,
1146 3063 1183 3117 ut

231 3318 276 3390 44)
294 3320 390 3372 misere
412 3319 461 3372 hac
489 3320 524 3374 de
551 3325 791 3398 reinterpolalum
818 3325 909 3376 denset
926 3331 953 3378 et
971 3324 1092 3378 nominat
1111 3323 1178 3378 Cur·

183 3387 255 3442 tium
268 3389 397 3442 Niebuhr.
416 3408 442 3458 p.
460 3387 511 3456 alo
526 3407 568 3460 aq.
614 3458 620 3465 .

521 3623 534 3672 l
