2636 3860
454 365 591 409 norsrss
613 362 805 408 nsrrnsnu.
1032 344 1106 406 nx

184 506 249 590 Qui
270 506 375 567 Hirtio
395 511 578 569 strenne‘et
591 507 747 590 sagaciter
768 501 901 572 obstitit,
920 503 1005 568 Pto.
1017 503 1106 564 nne·

107 629 221 668 mannus
253 607 299 687 Γ*0)
336 618 474 691 quatuor
503 608 677 691 praecipue
693 605 734 667 ei
767 615 927 668 momente
956 605 1107 683 obvertit,

106 729 238 789 quornm
261 711 325 770 duo
347 709 457 790 priora
477 708 515 770 ad
538 709 774 792 grammeticsm
795 707 861 772 l'oei
882 707 1105 792 interpretatio

103 827 171 868 nem
191 811 372 892 pertinent,
397 801 579 895 posteriore
600 811 664 872 dno
686 832 726 881 ex
746 831 783 872 re
806 811 875 892 ipss
897 809 1105 874 hauriuntur:

184 913 216 992 ι)
237 913 382 974 Primum
418 914 500 974 enim
535 915 671 976 verbum
700 914 847 993 habendi,
877 915 910 975 in
933 933 983 978 tv.
1005 933 1106 995 quom·

101 1015 262 1094 debuimus,
290 1035 353 1076 non
378 1018 506 1098 potandi
525 1016 594 1078 sive
614 1017 807 1080 existimandi
830 1010 1008 1102 significatu
1032 1013 1064 1076 h.
1080 1014 1104 1080 Ι.

28 1165 31 1174 ,
100 1117 190 1198 poni,
227 1117 286 1179 sed
316 1131 393 1183 vers
420 1133 453 1182 ct
478 1119 612 1202 proprie
635 1129 812 1201 potestate,
839 1131 876 1182 ut
902 1116 1100 1200 intelligetur

100 1239 165 1291 noes,
187 1214 264 1302 quoe
281 1245 375 1301 paene
396 1235 532 1287 extrema
554 1221 672 1294 fuisset.

173 1325 209 1405 n)
231 1324 359 1386 Deinde
380 1325 544 1406 orationis,
565 1326 654 1409 quod
675 1325 795 1404 dicunt,
814 1326 975 1386 subiectum
987 1332 1102 1404 primn-

98 1431 171 1486 num
192 1441 265 1490 esse
285 1429 442 1508 populum,
471 1450 534 1490 non
564 1435 743 1506 principem,
769 1449 948 1508 pronomen
968 1437 1014 1488 cni
1037 1447 1102 1489 non

97 1526 134 1586 sd
153 1536 319 1608 principem
336 1528 393 1589 sed
414 1527 454 1590 sd
475 1529 612 1610 populum
632 1528 815 1610 respicere3
837 1530 994 1592 consentit
1013 1532 1103 1594 Pinz-

96 1649 147 1702 εον
171 1634 279 1714 μ93.
856 1691 859 1698 .

171 1734 208 1813 3)
232 1733 397 1815 Augustus
418 1734 503 1796 diem
524 1734 602 1796 obiit
623 1757 703 1798 anno
736 1737 772 1802 14
790 1747 860 1817 pest
882 1736 940 1802 Ch.
961 1761 1008 1807 n,
1047 1739 1099 1798 In-

94 1836 153 1900 lins
176 1843 296 1904 Cacsar
316 1857 397 1899 enno
418 1838 459 1918 57
479 1851 549 1900 ante
570 1839 626 1904 eh.
647 1863 679 1906 n.
719 1839 822 1920 Igitur
843 1839 870 1899 si
892 1859 965 1900 cum
986 1838 1095 1902 Hirtio

96 1939 202 2019 facies,
228 1941 367 2019 Curtius,
388 1961 460 2002 cunr
480 1941 534 2002 illa
555 1942 654 2004 verba
673 1942 840 2019 scriberet,
864 1953 903 2018 57
924 1961 1020 2003 annes
1045 1963 1096 2002 ns·

95 2053 145 2103 tus
167 2042 279 2120 suerit,
303 2055 435 2106 necesse
457 2055 516 2106 est.
561 2046 672 2127 ltaque
700 2045 820 2105 'durum
845 2063 935 2120 esse,
963 2027 1099 2124 scripte-

95 2165 163 2206 rcm
182 2159 339 2224 nostrum,
360 2145 401 2208 de
422 2158 519 2208 nocte
534 2145 591 2205 illa.
601 2145 796 2229 loquentem,
817 2167 877 2229 per
899 2145 1099 2228 ferruginem

96 2263 219 2327 exorte,
241 2269 325 2332 quac
347 2259 419 2310 ante
441 2249 547 2328 ipsum
559 2258 666 2307 natum
687 2248 850 2312 ceciderat
866 2259 898 2308 et
918 2247 956 2308 sb
973 2258 1098 2308 ecerat
1204 2273 1210 2280 ·

93 2352 314 2430 remotissima,
333 2351 377 2412 its
398 2370 468 2411 rem
486 2370 627 2426 narrare,
646 2361 682 2411 ut
701 2353 769 2434 ipse
790 2351 821 2413 ei
843 2347 1026 2411 interfuisse
1051 2346 1098 2408 vi·

94 2449 220 2514 dentur.
338 2461 340 2466 '

173 2553 208 2630 4)
230 2520 377 2634 Denique
398 2569 489 2613 vero·
507 2551 627 2642 optime
654 2562 750 2630 negat
778 2553 987 2610 Buttmannns
1013 2548 1097 2610 hcine

90 2653 218 2722 sideris,
244 2653 265 2712 i.
293 2671 322 2714 e.
344 2651 455 2712 stellae
477 2653 626 2731 crinitae,
655 2663 761 2714 ortum
786 2649 892 2711 lucem
917 2651 1095 2716 reddidisse

90 2753 392 2837 mundocsliganti,
412 2754 671 2840 qnandoquidem
693 2765 836 2831 constet,
857 2764 932 2836 post
954 2755 1095 2826 occisum

93 2853 267 2920 Caesarem
288 2868 322 2916 et
343 2877 507 2920 secessum
529 2859 637 2921 sideris
657 2859 729 2920 Iulii
750 2859 810 2933 [ita
831 2857 916 2918 enim
936 2877 954 2916 s
975 2855 1095 2920 veteri·

90 2953 149 3016 bus
170 2956 286 3038 passim
313 2959 527 3042 nominatur),
549 2961 604 3045 qui
627 2969 696 3021 erat
720 2979 818 3022 verno
842 2970 1000 3039 tempore,
1023 2976 1093 3018 esn-

74 3056 164 3143 *dem
185 3059 385 3143 dorniginem
405 3064 532 3146 integro
554 3063 625 3123 anni
639 3060 778 3124 decursu
791 3059 981 3137 obtinuisse3
1002 3057 1093 3120 stelle
1117 3056 1123 3064 '

90 3159 200 3222 erinits
215 3181 276 3243 per
292 3175 415 3245 septem
429 3175 551 3226 tentum
566 3165 632 3228 dies
647 3165 788 3229 lucente.
800 3161 848 3224 cf.
856 3163 991 3238 Pinzger.
1003 3181 1034 3242 p.
1041 3157 1091 3240 95.

33 3281 38 3286 .
91 3264 286 3284 *uu—-

142 3307 188 3379 eo)
206 3311 297 3362 Ueber
321 3311 370 3362 dns
392 3311 485 3361 Leben
518 3310 566 3363 des
591 3310 890 3365 Geschichtschrcibers
916 3305 950 3373 Q.
979 3303 1088 3355 Curtius

90 3373 177 3432 Rufus.
212 3378 242 3428 In
261 3378 408 3446 Berichung
427 3379 474 3428 aui
501 3378 532 3432 Α.
558 3380 636 3430 Hirt's
655 3381 834 3444 Abhsndlung
852 3379 920 3430 iiber
934 3372 1086 3424 'desselben

91 3439 272 3512 Gegennand.
292 3447 354 3498 Von
372 3447 420 3498 Ph.
440 3445 590 3500 Buttmann,
611 3449 699 3497 Berlin
717 3447 760 3496 bei
778 3441 1007 3497 ttaucknsente
1027 3439 1087 3489 Sd·
1189 3455 1192 3462 ’
