2660 3864
394 345 510 412 suern.
528 345 565 406 ut
582 346 617 416 Q·
638 344 792 407 sussum
810 347 840 398 u.
859 345 894 403 ιι.
1118 349 1153 406 so

146 496 281 560 ducens:
310 493 498 576 timebatque
530 513 600 554 eam
626 514 685 554 rex
718 493 841 556 ardenti
870 493 991 558 affectu
1021 494 1064 554 ob
1085 493 1153 562 for-

146 595 216 638 mae
236 573 519 658 pulchritudinem,
541 585 574 634 et
588 573 738 656 quoniam
754 575 950 636 adolescenti
970 574 1072 656 prima
1085 597 1152 642 mu-

146 656 263 716 lierum
293 653 334 716 ad
360 652 526 714 libidinem
546 653 722 734 placuerat.
764 656 836 716 Hoc
863 665 901 714 ut
920 654 1153 747 magnanimita-

145 747 213 796 tem
231 732 404 796 Alexandri
424 753 488 794 non
508 729 656 810 dedecet,
676 734 721 794 ita
740 754 805 796 non
825 733 1030 812 crediderim,
1050 734 1082 794 in
1103 733 1152 817 ²³)

147 811 275 876 officina
298 811 447 894 imperite
469 812 566 875 multa
588 813 796 878 disserentem
818 813 857 874 ab
871 814 988 896 Apelle
1008 813 1153 878 mordaci

147 894 283 956 dicterio
320 913 505 974 repressum
532 891 642 956 fuisse.
694 895 773 954 Nam
801 893 834 952 id
862 913 969 977 neque
997 894 1153 958 maiestati

147 973 226 1034 tanti
239 973 343 1054 regis,
364 993 469 1054 neque
486 971 662 1034 modestiae
684 972 827 1054 pictoris,
848 972 984 1036 hominis
1004 994 1068 1035 non
1088 988 1155 1036 stu-

146 1052 214 1135 pidi
235 1073 294 1113 nee
315 1051 446 1128 indocti,
467 1052 682 1116 convenisset:
706 1064 739 1112 et
751 1053 944 1124 Alexander,
965 1052 1154 1118 liberalibus

147 1131 258 1201 studiis
278 1131 317 1192 ab
340 1143 480 1192 extrema
506 1142 611 1194 aetate
640 1131 799 1204 imbutus,
829 1133 924 1193 etiam
950 1132 991 1194 do
1013 1135 1152 1208 artibus,

147 1232 225 1295 quas
245 1234 307 1274 non
329 1213 480 1288 calleret,
501 1210 588 1280 haud
608 1211 717 1292 inepte
739 1211 881 1274 iudicare
906 1212 1071 1273 didicerat.
1114 1216 1155 1274 ll.

146 1291 203 1356 lud
246 1291 356 1374 ropius
377 1311 458 1354 vero
482 1303 549 1365 est,
572 1291 659 1372 quod
680 1290 732 1348 alii
752 1291 972 1364 tradiderunt,
992 1292 1152 1374 quandam

147 1391 187 1432 ex
207 1312 366 1452 Flpbesiae
388 1370 509 1432 Dianae
531 1369 763 1446 sacerdotibus,
776 1391 866 1452 ‚quos
887 1369 1080 1451 Megabyzos
1105 1370 1154 1447 ²⁶¹]

147 1451 301 1535 appellari
323 1470 392 1512 mos
414 1461 492 1521 crat,
512 1447 754 1529 reprehensum:
777 1467 848 1509 cum
867 1449 997 1532 quidem
1018 1449 1049 1510 ei
1070 1451 1155 1512 dicc-

146 1541 197 1590 ret
217 1530 359 1610 Apelles,
380 1527 486 1611 quoad
507 1528 651 1605 tacuisti,
673 1550 786 1592 aurum
805 1527 869 1588 hoc
890 1541 986 1611 atque
1007 1550 1154 1611 purpura

149 1609 365 1675 venerabilem
386 1621 418 1672 te
439 1605 599 1668 faciebant
623 1607 781 1688 imperitis
789 1628 798 1684 3
822 1619 853 1667 at
874 1629 957 1670 nunc
980 1607 1020 1670 de
1042 1610 1152 1688 rebus,

173 1709 227 1748 uas
252 1709 314 1748 non
333 1685 502 1769 intelligis,
529 1687 733 1770 incipientem
763 1688 794 1746 lo
822 1687 855 1747 ui
882 1687 976 1748 etiam
995 1689 1091 1770 pueri
1111 1690 1154 1749 ri·

148 1711 236 1845 dent,
258 1767 313 1850 qui
334 1767 461 1834 colores
487 1778 606 1830 terunt.
648 1769 683 1834 In
704 1786 742 1827 ea
762 1708 844 1842 urbe
867 1767 962 1849 longe
982 1767 1156 1831 celeberri-

146 1869 231 1908 mam
254 1847 382 1921 aedem,
409 1857 445 1906 ut
469 1866 565 1926 supra
585 1846 722 1906 relatum
742 1856 802 1922 cst,
821 1849 1029 1907 Herostratus
1051 1849 1156 1908 iucen-

149 1928 249 1988 derat.
291 1928 339 1986 Es
367 1937 436 1990 tum
464 1946 585 1986 summa
605 1925 822 2007 Ephesiorum
850 1947 927 1994 cura
949 1926 1156 2010 maximisque

147 2006 297 2088 impensis
320 2006 564 2074 instaurabatur.
606 2005 755 2097 Quorum
769 2005 882 2066 studiis
903 2005 1044 2068 iuvandis
1060 2008 1156 2068 Alex·

148 2087 247 2147 ander
269 2085 316 2161 ²⁵)
339 2084 470 2165 tributa,
488 2105 570 2169 quae
583 2086 692 2146 Persis
716 2085 793 2146 dare
817 2099 1060 2163 consueverant,
1081 2087 1157 2148 Ilia-

148 2187 207 2231 nae
229 2167 325 2248 pendi
346 2166 453 2226 iussit:
485 2164 751 2248 confirmavitque
772 2167 820 2225 ius
842 2167 935 2245 asyli,
963 2167 1051 2249 quod
1080 2167 1157 2230 auti·

149 2245 258 2334 quitus
278 2247 373 2307 ctiam
393 2245 545 2305 Liberum
568 2257 694 2325 putrem
712 2245 956 2327 Herculemque
977 2246 1156 2307 servavisse

150 2336 346 2407 cognoverat
369 2322 428 2461 Ὗ
450 2323 557 2384 addito
580 2325 675 2384 etiam
696 2325 816 2404 spatio,
845 2336 881 2384 ut
902 2343 1157 2406 quaquaversum

150 2405 182 2465 in
214 2406 307 2466 unius
343 2415 389 2463 sta
413 2403 434 2460 ii
471 2402 710 2482 amplitudinem
746 2401 984 2465 extenderetur.
1039 2403 1156 2466 Postea

151 2505 292 2566 quoque,
313 2502 386 2542 cum
408 2480 760 2618 Asiamqpeqpacasset,
787 2480 914 2560 scripsit
934 2478 1100 2559 Ephesiis,
1122 2502 1156 2541 sc

151 2583 261 2624 omnes
282 2571 419 2632 sumtus,
441 2579 497 2640 qur
517 2581 549 2618 m
570 2581 581 2617 1
626 2556 808 2618 aedificium
828 2558 906 2618 laeti
927 2570 1044 2633 essent,
1064 2561 1157 2620 resti-

150 2653 306 2716 tuturum3
329 2637 448 2720 quique
470 2658 571 2718 porro
593 2637 848 2721 requirerentur,
868 2636 1091 2719 praebiturum
1113 2638 1153 2701 de

151 2739 226 2780 suo:
257 2719 301 2779 ita
319 2729 443 2794 tamen,
472 2730 508 2778 ut
534 2717 632 2799 ipsius
653 2736 770 2779 nomen
797 2717 970 2778 instaurato
998 2719 1091 2800 operi
1112 2721 1156 2780 in-

151 2799 358 2882 scriberetur.
399 2796 499 2892 quue
524 2796 690 2887 deprecati
710 2797 939 2885 suutpresii.
981 2797 1056 2889 Quo
1077 2811 1157 2861 tem·

155 2959 352 2978 ...n—‘⁴-

219 3087 263 3157 23)
283 3088 383 3140 Plinius
400 3087 445 3151 35,
465 3100 506 3154 ιο,
524 3090 566 3142 25.
584 3087 689 3140 Aeliae.
714 3103 768 3140 var.
799 3088 860 3141 bist.
889 3107 922 3157 a,
950 3099 1014 3142 aot
1039 3104 1063 3155 3.
1091 3091 1155 3140 Plu-

151 3155 237 3210 tarch.
257 3157 292 3208 de
310 3157 390 3207 animi
411 3158 548 3223 tranquill.
567 3173 592 3208 c.
612 3172 655 3208 αι.

142 3249 145 3258 v
220 3221 264 3293 ad)
284 3225 380 3276 Strabo
399 3225 447 3274 lib.
466 3223 505 3289 ld.
525 3223 638 3292 Quintil.
657 3224 683 3286 5,
706 3227 747 3295 12.ι
764 3223 864 3276 Plinius
881 3225 925 3290 35,
946 3237 988 3291 ιο,
1006 3223 1048 3292 34.
1068 3235 1096 3277 at
1113 3227 1155 3293 35,

154 3301 196 3359 11,
216 3291 255 3356 tl..
273 3293 351 3358 Diog.
370 3290 491 3348 Laenius
512 3295 539 3342 in
556 3291 748 3362 Xenophonte.

220 3361 266 3428 πῖ»)
285 3361 390 3410 Arriae.
412 3368 436 3423 1,
453 3361 479 3424 6,
501 3377 525 3426 7,

219 3429 264 3499 26)
283 3429 392 3483 Tacitus
410 3443 436 3496 p,
453 3435 497 3494 61,
516 3434 542 3486 3,
