<?xml version="1.0" encoding="UTF-8"?>
<!DOCTYPE html PUBLIC "-//W3C//DTD XHTML 1.0 Transitional//EN"
    "http://www.w3.org/TR/xhtml1/DTD/xhtml1-transitional.dtd">
<html xmlns="http://www.w3.org/1999/xhtml" xml:lang="en" lang="en">
 <head>
  <title>
</title>
<meta http-equiv="Content-Type" content="text/html;charset=utf-8" />
  <meta name='ocr-system' content='tesseract 3.04.00' />
  <meta name='ocr-capabilities' content='ocr_page ocr_carea ocr_par ocr_line ocrx_word'/>
</head>
<body>
  <div class='ocr_page' id='page_1' title='image "./degestisalexand01baumgoog_0136.png"; bbox 0 0 2660 3864; ppageno 0'>
   <div class='ocr_carea' id='block_1_1' title="bbox 196 311 819 382">
    <p class='ocr_par' dir='ltr' id='par_1_1' title="bbox 196 311 819 382">
     <span class='ocr_line' id='line_1_1' title="bbox 196 311 819 382; baseline -0.018 -10"><span class='ocrx_word' id='word_1_1' title='bbox 196 321 228 374; x_wconf 77' lang='lat'><strong>72</strong></span> <span class='ocrx_word' id='word_1_2' title='bbox 559 315 580 369; x_wconf 89' lang='lat'><strong>1.</strong></span> <span class='ocrx_word' id='word_1_3' title='bbox 599 311 819 382; x_wconf 73' lang='lat' dir='ltr'><strong>rttttttttttmt</strong></span> 
     </span>
    </p>
   </div>
   <div class='ocr_carea' id='block_1_2' title="bbox 166 461 1198 2790">
    <p class='ocr_par' dir='ltr' id='par_1_2' title="bbox 166 461 1198 2790">
     <span class='ocr_line' id='line_1_2' title="bbox 194 461 1194 555; baseline -0.007 -31"><span class='ocrx_word' id='word_1_4' title='bbox 194 461 375 555; x_wconf 68' lang='lat' dir='ltr'><strong>octingenta</strong></span> <span class='ocrx_word' id='word_1_5' title='bbox 397 462 526 542; x_wconf 85' lang='lat' dir='ltr'><strong>insuper</strong></span> <span class='ocrx_word' id='word_1_6' title='bbox 546 462 680 537; x_wconf 83' lang='lat' dir='ltr'><strong>talenta,</strong></span> <span class='ocrx_word' id='word_1_7' title='bbox 700 481 781 546; x_wconf 90' lang='lat' dir='ltr'><strong>quae</strong></span> <span class='ocrx_word' id='word_1_8' title='bbox 801 461 870 542; x_wconf 87' lang='lat' dir='ltr'><strong>ipse</strong></span> <span class='ocrx_word' id='word_1_9' title='bbox 892 471 1002 521; x_wconf 86' lang='lat' dir='ltr'><strong>mutuo</strong></span> <span class='ocrx_word' id='word_1_10' title='bbox 1023 469 1194 534; x_wconf 81' lang='lat' dir='ltr'><strong>sumserat,</strong></span> 
     </span>
     <span class='ocr_line' id='line_1_3' title="bbox 194 537 1188 626; baseline -0.003 -24"><span class='ocrx_word' id='word_1_11' title='bbox 194 541 371 618; x_wconf 78' lang='lat' dir='ltr'><strong>adiecisset,</strong></span> <span class='ocrx_word' id='word_1_12' title='bbox 386 561 425 602; x_wconf 85' lang='lat' dir='ltr'><strong>ex</strong></span> <span class='ocrx_word' id='word_1_13' title='bbox 441 542 554 626; x_wconf 84' lang='lat' dir='ltr'><strong>quibus</strong></span> <span class='ocrx_word' id='word_1_14' title='bbox 570 544 619 603; x_wconf 81' lang='lat' dir='ltr'><strong>vix</strong></span> <span class='ocrx_word' id='word_1_15' title='bbox 628 543 749 604; x_wconf 81' lang='lat' dir='ltr'><strong>decima</strong></span> <span class='ocrx_word' id='word_1_16' title='bbox 762 537 870 624; x_wconf 82' lang='lat' dir='ltr'><strong>portio</strong></span> <span class='ocrx_word' id='word_1_17' title='bbox 882 553 1058 620; x_wconf 79' lang='lat' dir='ltr'><strong>supererat.</strong></span> <span class='ocrx_word' id='word_1_18' title='bbox 1071 539 1188 600; x_wconf 83' lang='lat' dir='ltr'><strong>Solvis-</strong></span> 
     </span>
     <span class='ocr_line' id='line_1_4' title="bbox 193 619 1188 701; baseline -0.004 -20"><span class='ocrx_word' id='word_1_19' title='bbox 193 641 227 681; x_wconf 91' lang='lat' dir='ltr'><strong>se</strong></span> <span class='ocrx_word' id='word_1_20' title='bbox 251 633 354 680; x_wconf 89' lang='lat' dir='ltr'><strong>autem</strong></span> <span class='ocrx_word' id='word_1_21' title='bbox 377 621 492 682; x_wconf 89' lang='lat' dir='ltr'><strong>dicitur</strong></span> <span class='ocrx_word' id='word_1_22' title='bbox 512 623 681 685; x_wconf 81' lang='lat' dir='ltr'><strong>Timotheo</strong></span> <span class='ocrx_word' id='word_1_23' title='bbox 706 619 750 701; x_wconf 55' lang='grc'><strong>14)</strong></span> <span class='ocrx_word' id='word_1_24' title='bbox 778 623 862 683; x_wconf 89' lang='lat' dir='ltr'><strong>tibiis</strong></span> <span class='ocrx_word' id='word_1_25' title='bbox 885 621 1085 698; x_wconf 80' lang='lat' dir='ltr'><strong>concinente,</strong></span> <span class='ocrx_word' id='word_1_26' title='bbox 1107 639 1188 679; x_wconf 78' lang='lat' dir='ltr'><strong>sum·</strong></span> 
     </span>
     <span class='ocr_line' id='line_1_5' title="bbox 193 701 1188 784; baseline -0.002 -24"><span class='ocrx_word' id='word_1_27' title='bbox 193 721 308 784; x_wconf 87' lang='lat' dir='ltr'><strong>maque</strong></span> <span class='ocrx_word' id='word_1_28' title='bbox 322 701 454 762; x_wconf 90' lang='lat' dir='ltr'><strong>militum</strong></span> <span class='ocrx_word' id='word_1_29' title='bbox 469 702 638 779; x_wconf 80' lang='lat' dir='ltr'><strong>alacritate,</strong></span> <span class='ocrx_word' id='word_1_30' title='bbox 654 723 731 784; x_wconf 90' lang='lat' dir='ltr'><strong>opes</strong></span> <span class='ocrx_word' id='word_1_31' title='bbox 741 703 960 776; x_wconf 87' lang='lat' dir='ltr'><strong>barbarorum,</strong></span> <span class='ocrx_word' id='word_1_32' title='bbox 975 721 1054 784; x_wconf 85' lang='lat' dir='ltr'><strong>quos</strong></span> <span class='ocrx_word' id='word_1_33' title='bbox 1065 719 1188 781; x_wconf 78' lang='lat' dir='ltr'><strong>oppug-</strong></span> 
     </span>
     <span class='ocr_line' id='line_1_6' title="bbox 166 779 1188 859; baseline 0 -19"><span class='ocrx_word' id='word_1_34' title='bbox 166 830 171 846; x_wconf 89' lang='lat'>.</span> <span class='ocrx_word' id='word_1_35' title='bbox 194 781 401 859; x_wconf 86' lang='lat' dir='ltr'><strong>natumircnt,</strong></span> <span class='ocrx_word' id='word_1_36' title='bbox 416 794 502 844; x_wconf 88' lang='lat' dir='ltr'><strong>certa</strong></span> <span class='ocrx_word' id='word_1_37' title='bbox 515 781 749 857; x_wconf 82' lang='lat' dir='ltr'><strong>¹⁵)liduclasibi</strong></span> <span class='ocrx_word' id='word_1_38' title='bbox 762 783 992 852; x_wconf 83' lang='lat' dir='ltr'><strong>destinantium.</strong></span> <span class='ocrx_word' id='word_1_39' title='bbox 1011 779 1188 842; x_wconf 89' lang='lat' dir='ltr'><strong>Hocmodo</strong></span> 
     </span>
     <span class='ocr_line' id='line_1_7' title="bbox 193 861 1188 945; baseline -0.003 -23"><span class='ocrx_word' id='word_1_40' title='bbox 193 882 254 942; x_wconf 86' lang='lat' dir='ltr'><strong>per</strong></span> <span class='ocrx_word' id='word_1_41' title='bbox 265 861 379 938; x_wconf 90' lang='lat' dir='ltr'><strong>lacum,</strong></span> <span class='ocrx_word' id='word_1_42' title='bbox 400 883 495 945; x_wconf 88' lang='lat' dir='ltr'><strong>quem</strong></span> <span class='ocrx_word' id='word_1_43' title='bbox 515 883 533 922; x_wconf 89' lang='lat' dir='ltr'><strong>a</strong></span> <span class='ocrx_word' id='word_1_44' title='bbox 553 863 653 942; x_wconf 72' lang='lat' dir='ltr'><strong>riciniv</strong></span> <span class='ocrx_word' id='word_1_45' title='bbox 667 861 779 924; x_wconf 77' lang='lat' dir='ltr'><strong>montis</strong></span> <span class='ocrx_word' id='word_1_46' title='bbox 798 864 923 922; x_wconf 90' lang='lat' dir='ltr'><strong>nomine</strong></span> <span class='ocrx_word' id='word_1_47' title='bbox 942 861 1119 932; x_wconf 82' lang='lat' dir='ltr'><strong>Cerciniten</strong></span> <span class='ocrx_word' id='word_1_48' title='bbox 1137 880 1188 920; x_wconf 85' lang='lat' dir='ltr'><strong>vo-</strong></span> 
     </span>
     <span class='ocr_line' id='line_1_8' title="bbox 194 941 1188 1022; baseline -0.002 -22"><span class='ocrx_word' id='word_1_49' title='bbox 194 953 276 1016; x_wconf 87' lang='lat' dir='ltr'><strong>cant,</strong></span> <span class='ocrx_word' id='word_1_50' title='bbox 297 941 351 1002; x_wconf 89' lang='lat' dir='ltr'><strong>ubi</strong></span> <span class='ocrx_word' id='word_1_51' title='bbox 367 943 497 1004; x_wconf 81' lang='lat' dir='ltr'><strong>classem</strong></span> <span class='ocrx_word' id='word_1_52' title='bbox 510 942 656 1015; x_wconf 82' lang='lat' dir='ltr'><strong>habebat,</strong></span> <span class='ocrx_word' id='word_1_53' title='bbox 671 943 702 1004; x_wconf 89' lang='lat' dir='ltr'><strong>in</strong></span> <span class='ocrx_word' id='word_1_54' title='bbox 724 942 923 1022; x_wconf 70' lang='lat' dir='ltr'><strong>Strymonem</strong></span> <span class='ocrx_word' id='word_1_55' title='bbox 944 941 1097 1012; x_wconf 79' lang='lat' dir='ltr'><strong>invectus,</strong></span> <span class='ocrx_word' id='word_1_56' title='bbox 1115 941 1188 1000; x_wconf 78' lang='lat' dir='ltr'><strong>Am-</strong></span> 
     </span>
     <span class='ocr_line' id='line_1_9' title="bbox 192 1020 1187 1104; baseline 0 -24"><span class='ocrx_word' id='word_1_57' title='bbox 192 1020 352 1102; x_wconf 88' lang='lat' dir='ltr'><strong>phipolin,</strong></span> <span class='ocrx_word' id='word_1_58' title='bbox 381 1035 413 1082; x_wconf 89' lang='lat' dir='ltr'><strong>et</strong></span> <span class='ocrx_word' id='word_1_59' title='bbox 435 1023 548 1082; x_wconf 90' lang='lat' dir='ltr'><strong>deinde</strong></span> <span class='ocrx_word' id='word_1_60' title='bbox 569 1023 609 1082; x_wconf 82' lang='lat' dir='ltr'><strong>ad</strong></span> <span class='ocrx_word' id='word_1_61' title='bbox 628 1024 706 1084; x_wconf 91' lang='lat' dir='ltr'><strong>ostia</strong></span> <span class='ocrx_word' id='word_1_62' title='bbox 735 1022 908 1102; x_wconf 80' lang='lat' dir='ltr'><strong>Strymonis</strong></span> <span class='ocrx_word' id='word_1_63' title='bbox 930 1024 1102 1104; x_wconf 85' lang='lat' dir='ltr'><strong>processit:</strong></span> <span class='ocrx_word' id='word_1_64' title='bbox 1122 1041 1187 1103; x_wconf 91' lang='lat' dir='ltr'><strong>quo</strong></span> 
     </span>
     <span class='ocr_line' id='line_1_10' title="bbox 193 1101 1188 1186; baseline -0.002 -26"><span class='ocrx_word' id='word_1_65' title='bbox 193 1101 339 1173; x_wconf 89' lang='lat' dir='ltr'><strong>traiecto,</strong></span> <span class='ocrx_word' id='word_1_66' title='bbox 374 1114 480 1162; x_wconf 90' lang='lat' dir='ltr'><strong>raeter</strong></span> <span class='ocrx_word' id='word_1_67' title='bbox 495 1115 631 1163; x_wconf 89' lang='lat' dir='ltr'><strong>montem</strong></span> <span class='ocrx_word' id='word_1_68' title='bbox 642 1105 832 1186; x_wconf 83' lang='lat' dir='ltr'><strong>Pangaeum,</strong></span> <span class='ocrx_word' id='word_1_69' title='bbox 848 1104 928 1170; x_wconf 83' lang='lat' dir='ltr'><strong>viam</strong></span> <span class='ocrx_word' id='word_1_70' title='bbox 950 1103 1108 1183; x_wconf 82' lang='lat' dir='ltr'><strong>ingressus</strong></span> <span class='ocrx_word' id='word_1_71' title='bbox 1130 1111 1188 1175; x_wconf 89' lang='lat' dir='ltr'><strong>est,</strong></span> 
     </span>
     <span class='ocr_line' id='line_1_11' title="bbox 194 1122 1188 1280; baseline -0.002 -40"><span class='ocrx_word' id='word_1_72' title='bbox 194 1203 275 1280; x_wconf 71' lang='lat' dir='ltr'><strong>(pune</strong></span> <span class='ocrx_word' id='word_1_73' title='bbox 299 1122 461 1242; x_wconf 74' lang='lat' dir='ltr'><strong>Abderam</strong></span> <span class='ocrx_word' id='word_1_74' title='bbox 486 1194 519 1244; x_wconf 92' lang='lat' dir='ltr'><strong>et</strong></span> <span class='ocrx_word' id='word_1_75' title='bbox 533 1184 715 1256; x_wconf 80' lang='lat' dir='ltr'><strong>Maroneam</strong></span> <span class='ocrx_word' id='word_1_76' title='bbox 731 1183 828 1248; x_wconf 86' lang='lat' dir='ltr'><strong>ducit.</strong></span> <span class='ocrx_word' id='word_1_77' title='bbox 868 1185 945 1262; x_wconf 82' lang='lat' dir='ltr'><strong>Nam</strong></span> <span class='ocrx_word' id='word_1_78' title='bbox 961 1183 992 1240; x_wconf 94' lang='lat' dir='ltr'><strong>in</strong></span> <span class='ocrx_word' id='word_1_79' title='bbox 1007 1182 1101 1246; x_wconf 85' lang='lat' dir='ltr'><strong>litore</strong></span> <span class='ocrx_word' id='word_1_80' title='bbox 1126 1183 1188 1241; x_wconf 90' lang='lat' dir='ltr'><strong>iter</strong></span> 
     </span>
     <span class='ocr_line' id='line_1_12' title="bbox 190 1261 1188 1346; baseline -0.002 -24"><span class='ocrx_word' id='word_1_81' title='bbox 190 1263 302 1322; x_wconf 84' lang='lat' dir='ltr'><strong>lacere</strong></span> <span class='ocrx_word' id='word_1_82' title='bbox 330 1261 526 1338; x_wconf 86' lang='lat' dir='ltr'><strong>instituerat,</strong></span> <span class='ocrx_word' id='word_1_83' title='bbox 558 1275 595 1326; x_wconf 87' lang='lat' dir='ltr'><strong>ut</strong></span> <span class='ocrx_word' id='word_1_84' title='bbox 622 1263 753 1329; x_wconf 86' lang='lat' dir='ltr'><strong>navibus</strong></span> <span class='ocrx_word' id='word_1_85' title='bbox 789 1264 872 1339; x_wconf 85' lang='lat' dir='ltr'><strong>suis,</strong></span> <span class='ocrx_word' id='word_1_86' title='bbox 907 1283 988 1346; x_wconf 87' lang='lat' dir='ltr'><strong>quae</strong></span> <span class='ocrx_word' id='word_1_87' title='bbox 1015 1264 1100 1337; x_wconf 73' lang='lat' dir='ltr'><strong>iuxta</strong></span> <span class='ocrx_word' id='word_1_88' title='bbox 1132 1262 1188 1321; x_wconf 92' lang='lat' dir='ltr'><strong>du-</strong></span> 
     </span>
     <span class='ocr_line' id='line_1_13' title="bbox 192 1340 1188 1435; baseline -0.001 -33"><span class='ocrx_word' id='word_1_89' title='bbox 192 1340 356 1416; x_wconf 86' lang='lat' dir='ltr'><strong>cebantur,</strong></span> <span class='ocrx_word' id='word_1_90' title='bbox 377 1343 535 1435; x_wconf 86' lang='lat' dir='ltr'><strong>praesidio</strong></span> <span class='ocrx_word' id='word_1_91' title='bbox 557 1357 651 1424; x_wconf 80' lang='lat' dir='ltr'><strong>esset,</strong></span> <span class='ocrx_word' id='word_1_92' title='bbox 672 1345 698 1406; x_wconf 91' lang='lat' dir='ltr'><strong>si</strong></span> <span class='ocrx_word' id='word_1_93' title='bbox 718 1347 836 1416; x_wconf 84' lang='lat' dir='ltr'><strong>Persae</strong></span> <span class='ocrx_word' id='word_1_94' title='bbox 849 1344 935 1406; x_wconf 85' lang='lat' dir='ltr'><strong>forte</strong></span> <span class='ocrx_word' id='word_1_95' title='bbox 956 1345 1188 1415; x_wconf 81' lang='lat' dir='ltr'><strong>occurrissent3</strong></span> 
     </span>
     <span class='ocr_line' id='line_1_14' title="bbox 192 1421 1187 1506; baseline -0.001 -26"><span class='ocrx_word' id='word_1_96' title='bbox 192 1421 311 1504; x_wconf 86' lang='lat' dir='ltr'><strong>quippe</strong></span> <span class='ocrx_word' id='word_1_97' title='bbox 337 1422 388 1482; x_wconf 88' lang='lat' dir='ltr'><strong>ist1</strong></span> <span class='ocrx_word' id='word_1_98' title='bbox 421 1435 489 1483; x_wconf 89' lang='lat' dir='ltr'><strong>tum</strong></span> <span class='ocrx_word' id='word_1_99' title='bbox 509 1473 512 1479; x_wconf 22' lang='grc' dir='ltr'><strong>Δ</strong></span> <span class='ocrx_word' id='word_1_100' title='bbox 533 1425 625 1484; x_wconf 88' lang='lat' dir='ltr'><strong>etiam</strong></span> <span class='ocrx_word' id='word_1_101' title='bbox 662 1426 756 1496; x_wconf 82' lang='lat' dir='ltr'><strong>maris</strong></span> <span class='ocrx_word' id='word_1_102' title='bbox 791 1425 958 1506; x_wconf 84' lang='lat' dir='ltr'><strong>imperium</strong></span> <span class='ocrx_word' id='word_1_103' title='bbox 994 1423 1187 1499; x_wconf 78' lang='lat' dir='ltr'><strong>obtinebant.</strong></span> 
     </span>
     <span class='ocr_line' id='line_1_15' title="bbox 193 1501 1188 1586; baseline 0.002 -27"><span class='ocrx_word' id='word_1_104' title='bbox 193 1503 256 1582; x_wconf 86' lang='lat' dir='ltr'><strong>lpsi</strong></span> <span class='ocrx_word' id='word_1_105' title='bbox 281 1501 326 1571; x_wconf 74' lang='lat'><strong>¹⁶)</strong></span> <span class='ocrx_word' id='word_1_106' title='bbox 348 1503 430 1562; x_wconf 90' lang='lat' dir='ltr'><strong>enim</strong></span> <span class='ocrx_word' id='word_1_107' title='bbox 450 1504 574 1574; x_wconf 73' lang='lat' dir='ltr'><strong>modica</strong></span> <span class='ocrx_word' id='word_1_108' title='bbox 602 1505 708 1578; x_wconf 81' lang='lat' dir='ltr'><strong>classis</strong></span> <span class='ocrx_word' id='word_1_109' title='bbox 717 1527 727 1583; x_wconf 83' lang='lat'>3</span> <span class='ocrx_word' id='word_1_110' title='bbox 757 1517 789 1568; x_wconf 82' lang='lat' dir='ltr'><strong>at</strong></span> <span class='ocrx_word' id='word_1_111' title='bbox 815 1505 899 1586; x_wconf 86' lang='lat' dir='ltr'><strong>apud</strong></span> <span class='ocrx_word' id='word_1_112' title='bbox 925 1505 1032 1570; x_wconf 77' lang='lat' dir='ltr'><strong>hostes</strong></span> <span class='ocrx_word' id='word_1_113' title='bbox 1055 1502 1188 1585; x_wconf 81' lang='lat' dir='ltr'><strong>Cypriae</strong></span> 
     </span>
     <span class='ocr_line' id='line_1_16' title="bbox 194 1581 1188 1669; baseline 0.004 -29"><span class='ocrx_word' id='word_1_114' title='bbox 194 1581 450 1666; x_wconf 78' lang='lat' dir='ltr'><strong>Phoeniciaeque</strong></span> <span class='ocrx_word' id='word_1_115' title='bbox 471 1605 586 1660; x_wconf 84' lang='lat' dir='ltr'><strong>naves,</strong></span> <span class='ocrx_word' id='word_1_116' title='bbox 608 1587 788 1669; x_wconf 83' lang='lat' dir='ltr'><strong>assuetique</strong></span> <span class='ocrx_word' id='word_1_117' title='bbox 808 1585 969 1646; x_wconf 76' lang='lat' dir='ltr'><strong>maritimis</strong></span> <span class='ocrx_word' id='word_1_118' title='bbox 992 1585 1089 1659; x_wconf 79' lang='lat' dir='ltr'><strong>pebus</strong></span> <span class='ocrx_word' id='word_1_119' title='bbox 1111 1583 1188 1647; x_wconf 82' lang='lat' dir='ltr'><strong>clas·</strong></span> 
     </span>
     <span class='ocr_line' id='line_1_17' title="bbox 192 1661 1189 1749; baseline -0.001 -27"><span class='ocrx_word' id='word_1_120' title='bbox 192 1661 292 1736; x_wconf 89' lang='lat' dir='ltr'><strong>siarii,</strong></span> <span class='ocrx_word' id='word_1_121' title='bbox 320 1674 353 1722; x_wconf 89' lang='lat' dir='ltr'><strong>et</strong></span> <span class='ocrx_word' id='word_1_122' title='bbox 373 1665 621 1729; x_wconf 86' lang='lat' dir='ltr'><strong>exercitatissimi</strong></span> <span class='ocrx_word' id='word_1_123' title='bbox 644 1666 780 1749; x_wconf 83' lang='lat' dir='ltr'><strong>remiges</strong></span> <span class='ocrx_word' id='word_1_124' title='bbox 801 1677 901 1730; x_wconf 83' lang='lat' dir='ltr'><strong>erant.</strong></span> <span class='ocrx_word' id='word_1_125' title='bbox 941 1667 1020 1728; x_wconf 86' lang='lat' dir='ltr'><strong>Nam</strong></span> <span class='ocrx_word' id='word_1_126' title='bbox 1041 1663 1189 1740; x_wconf 86' lang='lat' dir='ltr'><strong>Macedp·</strong></span> 
     </span>
     <span class='ocr_line' id='line_1_18' title="bbox 193 1741 1189 1828; baseline 0.002 -27"><span class='ocrx_word' id='word_1_127' title='bbox 193 1741 259 1814; x_wconf 84' lang='lat' dir='ltr'><strong>nia,</strong></span> <span class='ocrx_word' id='word_1_128' title='bbox 287 1762 390 1823; x_wconf 87' lang='lat' dir='ltr'><strong>nuper</strong></span> <span class='ocrx_word' id='word_1_129' title='bbox 409 1754 530 1808; x_wconf 87' lang='lat' dir='ltr'><strong>tentato</strong></span> <span class='ocrx_word' id='word_1_130' title='bbox 552 1745 645 1810; x_wconf 83' lang='lat' dir='ltr'><strong>maris</strong></span> <span class='ocrx_word' id='word_1_131' title='bbox 665 1745 819 1828; x_wconf 89' lang='lat' dir='ltr'><strong>imperio,</strong></span> <span class='ocrx_word' id='word_1_132' title='bbox 848 1744 986 1820; x_wconf 74' lang='lat' dir='ltr'><strong>nondum</strong></span> <span class='ocrx_word' id='word_1_133' title='bbox 1010 1743 1189 1816; x_wconf 74' lang='lat' dir='ltr'><strong>abundabat</strong></span> 
     </span>
     <span class='ocr_line' id='line_1_19' title="bbox 190 1821 1189 1909; baseline 0.003 -27"><span class='ocrx_word' id='word_1_134' title='bbox 190 1821 331 1897; x_wconf 83' lang='lat' dir='ltr'><strong>navibus3</strong></span> <span class='ocrx_word' id='word_1_135' title='bbox 354 1833 417 1882; x_wconf 90' lang='lat' dir='ltr'><strong>eta</strong></span> <span class='ocrx_word' id='word_1_136' title='bbox 438 1825 531 1894; x_wconf 78' lang='lat' dir='ltr'><strong>sociis</strong></span> <span class='ocrx_word' id='word_1_137' title='bbox 551 1825 687 1906; x_wconf 80' lang='lat' dir='ltr'><strong>maligne</strong></span> <span class='ocrx_word' id='word_1_138' title='bbox 701 1825 947 1909; x_wconf 78' lang='lat' dir='ltr'><strong>praebebantur.</strong></span> <span class='ocrx_word' id='word_1_139' title='bbox 978 1825 1081 1898; x_wconf 83' lang='lat' dir='ltr'><strong>Etiam</strong></span> <span class='ocrx_word' id='word_1_140' title='bbox 1092 1823 1189 1889; x_wconf 64' lang='lat' dir='ltr'><strong>Atha</strong></span> 
     </span>
     <span class='ocr_line' id='line_1_20' title="bbox 194 1903 1190 1988; baseline 0 -26"><span class='ocrx_word' id='word_1_141' title='bbox 194 1903 329 1976; x_wconf 88' lang='lat' dir='ltr'><strong>nienses,</strong></span> <span class='ocrx_word' id='word_1_142' title='bbox 351 1922 423 1965; x_wconf 88' lang='lat' dir='ltr'><strong>cum</strong></span> <span class='ocrx_word' id='word_1_143' title='bbox 445 1904 483 1964; x_wconf 92' lang='lat' dir='ltr'><strong>ab</strong></span> <span class='ocrx_word' id='word_1_144' title='bbox 504 1904 579 1984; x_wconf 86' lang='lat' dir='ltr'><strong>ipsis</strong></span> <span class='ocrx_word' id='word_1_145' title='bbox 603 1907 751 1969; x_wconf 87' lang='lat' dir='ltr'><strong>triremes</strong></span> <span class='ocrx_word' id='word_1_146' title='bbox 773 1918 972 1988; x_wconf 78' lang='lat' dir='ltr'><strong>peterentur,</strong></span> <span class='ocrx_word' id='word_1_147' title='bbox 992 1915 1111 1964; x_wconf 87' lang='lat' dir='ltr'><strong>tantum</strong></span> <span class='ocrx_word' id='word_1_148' title='bbox 1128 1905 1190 1962; x_wconf 75' lang='lat' dir='ltr'><strong>XX</strong></span> 
     </span>
     <span class='ocr_line' id='line_1_21' title="bbox 191 1981 1189 2066; baseline 0.003 -24"><span class='ocrx_word' id='word_1_149' title='bbox 191 1981 361 2058; x_wconf 87' lang='lat' dir='ltr'><strong>miserunt,</strong></span> <span class='ocrx_word' id='word_1_150' title='bbox 391 1984 634 2066; x_wconf 71' lang='lat' dir='ltr'><strong>suggerentibus</strong></span> <span class='ocrx_word' id='word_1_151' title='bbox 656 2005 768 2062; x_wconf 83' lang='lat' dir='ltr'><strong>eorum</strong></span> <span class='ocrx_word' id='word_1_152' title='bbox 788 1984 979 2056; x_wconf 82' lang='lat' dir='ltr'><strong>oratoribus,</strong></span> <span class='ocrx_word' id='word_1_153' title='bbox 1007 1983 1189 2064; x_wconf 84' lang='lat' dir='ltr'><strong>periculum</strong></span> 
     </span>
     <span class='ocr_line' id='line_1_22' title="bbox 191 2062 1189 2148; baseline 0 -26"><span class='ocrx_word' id='word_1_154' title='bbox 191 2083 272 2137; x_wconf 87' lang='lat' dir='ltr'><strong>esse,</strong></span> <span class='ocrx_word' id='word_1_155' title='bbox 296 2082 335 2121; x_wconf 91' lang='lat' dir='ltr'><strong>ne</strong></span> <span class='ocrx_word' id='word_1_156' title='bbox 357 2062 455 2122; x_wconf 86' lang='lat' dir='ltr'><strong>classe</strong></span> <span class='ocrx_word' id='word_1_157' title='bbox 478 2075 609 2148; x_wconf 86' lang='lat' dir='ltr'><strong>accepta</strong></span> <span class='ocrx_word' id='word_1_158' title='bbox 632 2075 836 2145; x_wconf 77' lang='lat' dir='ltr'><strong>contraeas,</strong></span> <span class='ocrx_word' id='word_1_159' title='bbox 859 2063 913 2146; x_wconf 91' lang='lat' dir='ltr'><strong>qui</strong></span> <span class='ocrx_word' id='word_1_160' title='bbox 932 2063 1097 2136; x_wconf 82' lang='lat' dir='ltr'><strong>misissent,</strong></span> <span class='ocrx_word' id='word_1_161' title='bbox 1118 2072 1189 2129; x_wconf 52' lang='lat' dir='ltr'><strong>uter</strong></span> 
     </span>
     <span class='ocr_line' id='line_1_23' title="bbox 190 2139 1198 2226; baseline 0.001 -25"><span class='ocrx_word' id='word_1_162' title='bbox 190 2155 292 2206; x_wconf 82' lang='lat' dir='ltr'><strong>retur.</strong></span> <span class='ocrx_word' id='word_1_163' title='bbox 333 2139 383 2214; x_wconf 61' lang='lat' dir='ltr'><strong>Es</strong></span> <span class='ocrx_word' id='word_1_164' title='bbox 403 2142 440 2205; x_wconf 86' lang='lat' dir='ltr'><strong>iis</strong></span> <span class='ocrx_word' id='word_1_165' title='bbox 458 2143 537 2216; x_wconf 81' lang='lat' dir='ltr'><strong>locis</strong></span> <span class='ocrx_word' id='word_1_166' title='bbox 558 2143 756 2207; x_wconf 86' lang='lat' dir='ltr'><strong>ad&#39;Hebrum</strong></span> <span class='ocrx_word' id='word_1_167' title='bbox 775 2141 907 2217; x_wconf 81' lang='lat' dir='ltr'><strong>lluvium</strong></span> <span class='ocrx_word' id='word_1_168' title='bbox 923 2142 1099 2225; x_wconf 71' lang='lat' dir='ltr'><strong>contendit:</strong></span> <span class='ocrx_word' id='word_1_169' title='bbox 1122 2163 1198 2226; x_wconf 50' lang='lat' dir='ltr'><strong>qno¹</strong></span> 
     </span>
     <span class='ocr_line' id='line_1_24' title="bbox 191 2220 1189 2300; baseline 0.002 -18"><span class='ocrx_word' id='word_1_170' title='bbox 191 2221 275 2282; x_wconf 89' lang='lat' dir='ltr'><strong>haud</strong></span> <span class='ocrx_word' id='word_1_171' title='bbox 293 2220 466 2299; x_wconf 85' lang='lat' dir='ltr'><strong>dilliculter</strong></span> <span class='ocrx_word' id='word_1_172' title='bbox 491 2223 691 2300; x_wconf 80' lang='lat' dir='ltr'><strong>transmisso,</strong></span> <span class='ocrx_word' id='word_1_173' title='bbox 718 2224 750 2284; x_wconf 93' lang='lat' dir='ltr'><strong>in</strong></span> <span class='ocrx_word' id='word_1_174' title='bbox 779 2222 938 2288; x_wconf 79' lang='lat' dir='ltr'><strong>Poeticam</strong></span> <span class='ocrx_word' id='word_1_175' title='bbox 962 2222 1116 2297; x_wconf 77' lang='lat' dir='ltr'><strong>&#39;Pinaciae</strong></span> <span class='ocrx_word' id='word_1_176' title='bbox 1136 2244 1189 2290; x_wconf 82' lang='lat' dir='ltr'><strong>re-</strong></span> 
     </span>
     <span class='ocr_line' id='line_1_25' title="bbox 190 2303 1188 2386; baseline 0.003 -24"><span class='ocrx_word' id='word_1_177' title='bbox 190 2303 317 2384; x_wconf 81' lang='lat' dir='ltr'><strong>gionem</strong></span> <span class='ocrx_word' id='word_1_178' title='bbox 336 2303 501 2384; x_wconf 76' lang='lat' dir='ltr'><strong>pervenit,·</strong></span> <span class='ocrx_word' id='word_1_179' title='bbox 520 2303 594 2376; x_wconf 81' lang='lat' dir='ltr'><strong>inde</strong></span> <span class='ocrx_word' id='word_1_180' title='bbox 614 2314 765 2386; x_wconf 83' lang='lat' dir='ltr'><strong>superato</strong></span> <span class='ocrx_word' id='word_1_181' title='bbox 789 2323 897 2381; x_wconf 91' lang='lat' dir='ltr'><strong>amne,</strong></span> <span class='ocrx_word' id='word_1_182' title='bbox 916 2325 1010 2386; x_wconf 88' lang='lat' dir='ltr'><strong>quem</strong></span> <span class='ocrx_word' id='word_1_183' title='bbox 1032 2304 1188 2375; x_wconf 74' lang='lat' dir='ltr'><strong>Metanem,</strong></span> 
     </span>
     <span class='ocr_line' id='line_1_26' title="bbox 190 2383 1188 2477; baseline 0 -35"><span class='ocrx_word' id='word_1_184' title='bbox 190 2383 359 2477; x_wconf 86' lang='lat' dir='ltr'><strong>appellant,</strong></span> <span class='ocrx_word' id='word_1_185' title='bbox 381 2383 534 2463; x_wconf 67' lang='lat' dir='ltr'><strong>vigesimo</strong></span> <span class='ocrx_word' id='word_1_186' title='bbox 553 2397 752 2468; x_wconf 86' lang='lat' dir='ltr'><strong>postquama</strong></span> <span class='ocrx_word' id='word_1_187' title='bbox 776 2383 870 2458; x_wconf 80' lang='lat' dir='ltr'><strong>domo</strong></span> <span class='ocrx_word' id='word_1_188' title='bbox 891 2383 1057 2477; x_wconf 77' lang='lat' dir='ltr'><strong>profectus</strong></span> <span class='ocrx_word' id='word_1_189' title='bbox 1083 2383 1188 2459; x_wconf 78' lang='lat' dir='ltr'><strong>fuerat</strong></span> 
     </span>
     <span class='ocr_line' id='line_1_27' title="bbox 190 2461 1187 2546; baseline 0.003 -25"><span class='ocrx_word' id='word_1_190' title='bbox 190 2461 241 2522; x_wconf 85' lang='lat' dir='ltr'><strong>(lle</strong></span> <span class='ocrx_word' id='word_1_191' title='bbox 257 2461 371 2534; x_wconf 85' lang='lat' dir='ltr'><strong>Seston</strong></span> <span class='ocrx_word' id='word_1_192' title='bbox 393 2464 506 2546; x_wconf 85' lang='lat' dir='ltr'><strong>attigit,</strong></span> <span class='ocrx_word' id='word_1_193' title='bbox 522 2465 717 2526; x_wconf 67' lang='lat' dir='ltr'><strong>in&#39;extremis</strong></span> <span class='ocrx_word' id='word_1_194' title='bbox 733 2465 920 2539; x_wconf 82' lang='lat' dir='ltr'><strong>continentrs</strong></span> <span class='ocrx_word' id='word_1_195' title='bbox 933 2463 1046 2524; x_wconf 89' lang='lat' dir='ltr'><strong>linibus</strong></span> <span class='ocrx_word' id='word_1_196' title='bbox 1063 2465 1187 2531; x_wconf 58' lang='lat' dir='ltr'><strong>Hellesf</strong></span> 
     </span>
     <span class='ocr_line' id='line_1_28' title="bbox 189 2541 1187 2629; baseline 0 -25"><span class='ocrx_word' id='word_1_197' title='bbox 189 2555 288 2624; x_wconf 89' lang='lat' dir='ltr'><strong>ponto</strong></span> <span class='ocrx_word' id='word_1_198' title='bbox 314 2543 546 2622; x_wconf 84' lang='lat' dir='ltr'><strong>imminentem,</strong></span> <span class='ocrx_word' id='word_1_199' title='bbox 574 2567 636 2629; x_wconf 84' lang='lat' dir='ltr'><strong>qua</strong></span> <span class='ocrx_word' id='word_1_200' title='bbox 657 2545 794 2626; x_wconf 82' lang='lat' dir='ltr'><strong>angustis</strong></span> <span class='ocrx_word' id='word_1_201' title='bbox 821 2541 971 2620; x_wconf 75' lang='lat' dir='ltr'><strong>fluctibus</strong></span> <span class='ocrx_word' id='word_1_202' title='bbox 1000 2545 1187 2626; x_wconf 73' lang='lat' dir='ltr'><strong>ipsinuatutu</strong></span> 
     </span>
     <span class='ocr_line' id='line_1_29' title="bbox 189 2624 1188 2711; baseline 0.002 -29"><span class='ocrx_word' id='word_1_203' title='bbox 189 2644 279 2682; x_wconf 84' lang='lat' dir='ltr'><strong>mare</strong></span> <span class='ocrx_word' id='word_1_204' title='bbox 305 2624 411 2699; x_wconf 82' lang='lat' dir='ltr'><strong>Asiam</strong></span> <span class='ocrx_word' id='word_1_205' title='bbox 443 2625 481 2700; x_wconf 83' lang='lat' dir='ltr'><strong>ab</strong></span> <span class='ocrx_word' id='word_1_206' title='bbox 511 2628 641 2706; x_wconf 76' lang='lat' dir='ltr'><strong>Europa</strong></span> <span class='ocrx_word' id='word_1_207' title='bbox 670 2625 799 2707; x_wconf 70' lang='lat' dir='ltr'><strong>dirimit,</strong></span> <span class='ocrx_word' id='word_1_208' title='bbox 848 2625 976 2711; x_wconf 80' lang='lat' dir='ltr'><strong>Quippe</strong></span> <span class='ocrx_word' id='word_1_209' title='bbox 1003 2625 1188 2704; x_wconf 69' lang='lat' dir='ltr'><strong>Macedonia</strong></span> 
     </span>
     <span class='ocr_line' id='line_1_30' title="bbox 190 2701 1186 2790; baseline 0.004 -30"><span class='ocrx_word' id='word_1_210' title='bbox 190 2701 356 2762; x_wconf 84' lang='lat' dir='ltr'><strong>Thraciam</strong></span> <span class='ocrx_word' id='word_1_211' title='bbox 378 2705 576 2774; x_wconf 78' lang='lat' dir='ltr'><strong>coniunctam</strong></span> <span class='ocrx_word' id='word_1_212' title='bbox 590 2705 696 2780; x_wconf 89' lang='lat' dir='ltr'><strong>habet;</strong></span> <span class='ocrx_word' id='word_1_213' title='bbox 717 2723 799 2787; x_wconf 90' lang='lat' dir='ltr'><strong>quae</strong></span> <span class='ocrx_word' id='word_1_214' title='bbox 813 2721 1006 2784; x_wconf 84' lang='lat' dir='ltr'><strong>procurrens</strong></span> <span class='ocrx_word' id='word_1_215' title='bbox 1028 2707 1186 2790; x_wconf 79' lang='lat' dir='ltr'><strong>inertum</strong></span> 
     </span>
    </p>
   </div>
   <div class='ocr_carea' id='block_1_3' title="bbox 185 2777 1188 2947">
    <p class='ocr_par' dir='ltr' id='par_1_3' title="bbox 185 2777 1188 2947">
     <span class='ocr_line' id='line_1_31' title="bbox 185 2777 1188 2866; baseline 0.004 -26"><span class='ocrx_word' id='word_1_216' title='bbox 185 2780 314 2855; x_wconf 35' lang='lat' dir='ltr'><strong>,duobus</strong></span> <span class='ocrx_word' id='word_1_217' title='bbox 340 2777 494 2862; x_wconf 80' lang='lat' dir='ltr'><strong>capitibus</strong></span> <span class='ocrx_word' id='word_1_218' title='bbox 508 2785 614 2850; x_wconf 79' lang='lat' dir='ltr'><strong>Asiam</strong></span> <span class='ocrx_word' id='word_1_219' title='bbox 637 2795 793 2866; x_wconf 86' lang='lat' dir='ltr'><strong>taugeret,</strong></span> <span class='ocrx_word' id='word_1_220' title='bbox 814 2783 874 2842; x_wconf 87' lang='lat' dir='ltr'><strong>nisi</strong></span> <span class='ocrx_word' id='word_1_221' title='bbox 893 2783 1112 2847; x_wconf 83' lang='lat' dir='ltr'><strong>intercedente</strong></span> <span class='ocrx_word' id='word_1_222' title='bbox 1131 2803 1188 2866; x_wconf 89' lang='lat' dir='ltr'><strong>pe-</strong></span> 
     </span>
     <span class='ocr_line' id='line_1_32' title="bbox 190 2861 1188 2947; baseline 0.006 -27"><span class='ocrx_word' id='word_1_223' title='bbox 190 2861 265 2944; x_wconf 81' lang='lat' dir='ltr'><strong>lago</strong></span> <span class='ocrx_word' id='word_1_224' title='bbox 287 2861 549 2937; x_wconf 80' lang='lat' dir='ltr'><strong>submoveretur:</strong></span> <span class='ocrx_word' id='word_1_225' title='bbox 570 2863 685 2941; x_wconf 84' lang='lat' dir='ltr'><strong>dextra</strong></span> <span class='ocrx_word' id='word_1_226' title='bbox 705 2863 931 2944; x_wconf 78' lang='lat' dir='ltr'><strong>Hellespontus</strong></span> <span class='ocrx_word' id='word_1_227' title='bbox 952 2879 1054 2947; x_wconf 77' lang='lat' dir='ltr'><strong>arcet3</strong></span> <span class='ocrx_word' id='word_1_228' title='bbox 1078 2865 1188 2942; x_wconf 84' lang='lat' dir='ltr'><strong>ulteri-</strong></span> 
     </span>
    </p>
   </div>
   <div class='ocr_carea' id='block_1_4' title="bbox 200 3015 386 3030">
    <p class='ocr_par' dir='ltr' id='par_1_4' title="bbox 200 3015 386 3030">
     <span class='ocr_line' id='line_1_33' title="bbox 200 3015 386 3030; baseline -0.005 -1"><span class='ocrx_word' id='word_1_229' title='bbox 200 3015 386 3030; x_wconf 55' lang='lat' dir='ltr'><strong><em>m</em></strong></span> 
     </span>
    </p>
   </div>
   <div class='ocr_carea' id='block_1_5' title="bbox 188 3141 1185 3420">
    <p class='ocr_par' dir='ltr' id='par_1_5' title="bbox 259 3141 699 3213">
     <span class='ocr_line' id='line_1_34' title="bbox 259 3141 699 3213; baseline -0.007 -17"><span class='ocrx_word' id='word_1_230' title='bbox 259 3156 289 3203; x_wconf 73' lang='lat' dir='ltr'><strong>aa</strong></span> <span class='ocrx_word' id='word_1_231' title='bbox 321 3146 452 3196; x_wconf 79' lang='lat' dir='ltr'><strong>Himerius</strong></span> <span class='ocrx_word' id='word_1_232' title='bbox 469 3141 542 3213; x_wconf 86' lang='lat' dir='ltr'><strong>apud</strong></span> <span class='ocrx_word' id='word_1_233' title='bbox 562 3142 699 3209; x_wconf 72' lang='lat' dir='ltr'><strong>Pbotium,</strong></span> 
     </span>
    </p>

    <p class='ocr_par' dir='ltr' id='par_1_6' title="bbox 260 3207 1006 3278">
     <span class='ocr_line' id='line_1_35' title="bbox 260 3207 1006 3278; baseline -0.004 -14"><span class='ocrx_word' id='word_1_234' title='bbox 260 3216 289 3266; x_wconf 79' lang='lat'><strong>15</strong></span> <span class='ocrx_word' id='word_1_235' title='bbox 319 3215 409 3264; x_wconf 85' lang='lat' dir='ltr'><strong>lustin.</strong></span> <span class='ocrx_word' id='word_1_236' title='bbox 429 3230 469 3278; x_wconf 82' lang='lat' dir='ltr'><strong>n,</strong></span> <span class='ocrx_word' id='word_1_237' title='bbox 490 3215 517 3278; x_wconf 83' lang='lat'><strong>5,</strong></span> <span class='ocrx_word' id='word_1_238' title='bbox 533 3217 559 3270; x_wconf 85' lang='lat'><strong>8.</strong></span> <span class='ocrx_word' id='word_1_239' title='bbox 575 3213 680 3276; x_wconf 78' lang='lat' dir='ltr'><strong>Arrian,</strong></span> <span class='ocrx_word' id='word_1_240' title='bbox 701 3228 725 3276; x_wconf 84' lang='lat'><strong>1,</strong></span> <span class='ocrx_word' id='word_1_241' title='bbox 743 3207 769 3278; x_wconf 74' lang='lat' dir='ltr'><strong>d,</strong></span> <span class='ocrx_word' id='word_1_242' title='bbox 786 3211 812 3278; x_wconf 70' lang='lat'><strong>3,</strong></span> <span class='ocrx_word' id='word_1_243' title='bbox 830 3221 857 3271; x_wconf 75' lang='lat' dir='ltr'><strong>ct</strong></span> <span class='ocrx_word' id='word_1_244' title='bbox 879 3229 903 3278; x_wconf 84' lang='lat'><strong>7,</strong></span> <span class='ocrx_word' id='word_1_245' title='bbox 919 3227 945 3272; x_wconf 74' lang='lat' dir='ltr'><strong>s,</strong></span> <span class='ocrx_word' id='word_1_246' title='bbox 966 3212 1006 3270; x_wconf 74' lang='lat'><strong>15.</strong></span> 
     </span>
    </p>

    <p class='ocr_par' dir='ltr' id='par_1_7' title="bbox 188 3277 1185 3420">
     <span class='ocr_line' id='line_1_36' title="bbox 257 3277 1185 3352; baseline -0.006 -18"><span class='ocrx_word' id='word_1_247' title='bbox 257 3281 299 3352; x_wconf 82' lang='grc' dir='ltr'><strong>ιδ)</strong></span> <span class='ocrx_word' id='word_1_248' title='bbox 319 3284 410 3334; x_wconf 83' lang='lat' dir='ltr'><strong>lustin.</strong></span> <span class='ocrx_word' id='word_1_249' title='bbox 434 3299 474 3346; x_wconf 86' lang='grc' dir='ltr'><strong>ιι,</strong></span> <span class='ocrx_word' id='word_1_250' title='bbox 491 3283 518 3346; x_wconf 85' lang='grc'><strong>6,</strong></span> <span class='ocrx_word' id='word_1_251' title='bbox 536 3297 561 3336; x_wconf 79' lang='lat' dir='ltr'><strong>a.</strong></span> <span class='ocrx_word' id='word_1_252' title='bbox 597 3281 776 3344; x_wconf 79' lang='lat' dir='ltr'><strong>Oros.3,16.</strong></span> <span class='ocrx_word' id='word_1_253' title='bbox 800 3282 865 3331; x_wconf 88' lang='lat' dir='ltr'><strong>Otto</strong></span> <span class='ocrx_word' id='word_1_254' title='bbox 881 3281 991 3346; x_wconf 78' lang='lat' dir='ltr'><strong>Frising.</strong></span> <span class='ocrx_word' id='word_1_255' title='bbox 1015 3295 1041 3345; x_wconf 67' lang='grc' dir='ltr'><strong>ι,</strong></span> <span class='ocrx_word' id='word_1_256' title='bbox 1062 3278 1104 3334; x_wconf 78' lang='lat'><strong>25.</strong></span> <span class='ocrx_word' id='word_1_257' title='bbox 1120 3277 1185 3336; x_wconf 86' lang='lat' dir='ltr'><strong>Dio·</strong></span> 
     </span>
     <span class='ocr_line' id='line_1_37' title="bbox 188 3343 1185 3420; baseline -0.006 -18"><span class='ocrx_word' id='word_1_258' title='bbox 188 3351 250 3402; x_wconf 71' lang='lat' dir='ltr'><strong>dtur.</strong></span> <span class='ocrx_word' id='word_1_259' title='bbox 269 3365 311 3420; x_wconf 81' lang='lat'><strong>17,</strong></span> <span class='ocrx_word' id='word_1_260' title='bbox 328 3367 372 3406; x_wconf 71' lang='lat' dir='ltr'><strong>aa.</strong></span> <span class='ocrx_word' id='word_1_261' title='bbox 389 3350 524 3404; x_wconf 76' lang='lat' dir='ltr'><strong>Plutarch.</strong></span> <span class='ocrx_word' id='word_1_262' title='bbox 540 3351 567 3400; x_wconf 81' lang='lat' dir='ltr'><strong>in</strong></span> <span class='ocrx_word' id='word_1_263' title='bbox 584 3349 610 3400; x_wconf 74' lang='grc' dir='ltr'><strong>Χ</strong></span> <span class='ocrx_word' id='word_1_264' title='bbox 629 3349 716 3400; x_wconf 77' lang='lat' dir='ltr'><strong>omts.</strong></span> <span class='ocrx_word' id='word_1_265' title='bbox 733 3349 765 3414; x_wconf 82' lang='grc'><strong>8,,</strong></span> <span class='ocrx_word' id='word_1_266' title='bbox 782 3365 800 3416; x_wconf 86' lang='lat'><strong>9</strong></span> <span class='ocrx_word' id='word_1_267' title='bbox 817 3358 844 3401; x_wconf 80' lang='lat' dir='ltr'><strong>et</strong></span> <span class='ocrx_word' id='word_1_268' title='bbox 860 3365 886 3416; x_wconf 83' lang='lat'><strong>9,</strong></span> <span class='ocrx_word' id='word_1_269' title='bbox 907 3362 930 3402; x_wconf 88' lang='lat'><strong>1.</strong></span> <span class='ocrx_word' id='word_1_270' title='bbox 948 3348 1053 3398; x_wconf 69' lang='lat' dir='ltr'><strong>Arriae.</strong></span> <span class='ocrx_word' id='word_1_271' title='bbox 1074 3363 1097 3410; x_wconf 83' lang='lat'><strong>1,</strong></span> <span class='ocrx_word' id='word_1_272' title='bbox 1114 3343 1140 3412; x_wconf 72' lang='grc'><strong>4,</strong></span> <span class='ocrx_word' id='word_1_273' title='bbox 1158 3345 1185 3411; x_wconf 75' lang='grc'><strong>4.</strong></span> 
     </span>
    </p>
   </div>
   <div class='ocr_carea' id='block_1_6' title="bbox 0 0 1334 3864">
    <p class='ocr_par' dir='ltr' id='par_1_8' title="bbox 0 0 1334 3864">
     <span class='ocr_line' id='line_1_38' title="bbox 0 0 1334 3864; baseline 0 2"><span class='ocrx_word' id='word_1_274' title='bbox 0 0 1334 3864; x_wconf 95' lang='lat' dir='ltr'><strong> </strong></span> 
     </span>
    </p>
   </div>
  </div>
 </body>
</html>
